%% This BibTeX bibliography file was created using BibDesk.
%% http://bibdesk.sourceforge.net/


%% Created for Andreas at 2015-05-22 21:37:47 -0400 


%% Saved with string encoding Unicode (UTF-8) 



@article{Kreutz:2013uq,
	Abstract = {Inferring knowledge about biological processes by a mathematical description is a major characteristic of Systems Biology. To understand and predict system's behavior the available experimental information is translated into a mathematical model. Since the availability of experimental data is often limited and measurements contain noise, it is essential to appropriately translate experimental uncertainty to model parameters as well as to model predictions. This is especially important in Systems Biology because typically large and complex models are applied and therefore the limited experimental knowledge might yield weakly specified model components.
Likelihood profiles have been recently suggested and applied in the Systems Biology for as- sessing parameter and prediction uncertainty. In this article, the profile likelihood concept is reviewed and the potential of the approach is demonstrated for a model of the erythropoietin (EPO) receptor.},
	Author = {Kreutz, C and Raue, A and Kaschek, D and Timmer, J},
	Date-Added = {2015-05-23 01:37:22 +0000},
	Date-Modified = {2015-05-23 01:37:22 +0000},
	Journal = {FEBS Journal},
	Number = {11},
	Pages = {2564-2571},
	Pdf = {Kreutz/Profile Likelihood in Systems Biology0.pdf},
	Title = {Profile Likelihood in Systems Biology},
	Url = {http://onlinelibrary.wiley.com/doi/10.1111/febs.12276/full},
	Volume = {280},
	Year = {2013},
	Bdsk-File-1 = {YnBsaXN0MDDUAQIDBAUGJCVYJHZlcnNpb25YJG9iamVjdHNZJGFyY2hpdmVyVCR0b3ASAAGGoKgHCBMUFRYaIVUkbnVsbNMJCgsMDxJXTlMua2V5c1pOUy5vYmplY3RzViRjbGFzc6INDoACgAOiEBGABIAFgAdccmVsYXRpdmVQYXRoWWFsaWFzRGF0YV8QTi4uLy4uLy4uLy4uL1NpdGVzL3B1Yi9iaWJ0ZXgvS3JldXR6L1Byb2ZpbGUgTGlrZWxpaG9vZCBpbiBTeXN0ZW1zIEJpb2xvZ3kwLnBkZtIXCxgZV05TLmRhdGFPEQIIAAAAAAIIAAIAAAxNYWNpbnRvc2ggSEQAAAAAAAAAAAAAAAAAAADKuP8USCsAAAAFxnQfUHJvZmlsZSBMaWtlbGlob29kIGkjNTZGQzY1LnBkZgAAAAAAAAAAAAAAAAAAAAAAAAAAAAAAAAAAAAAAAAAAAFb8Zc3h5b0AAAAAAAAAAAAEAAUAAAkgAAAAAAAAAAAAAAAAAAAABktyZXV0egAQAAgAAMq5N1QAAAARAAgAAM3iHf0AAAABABgABcZ0AAXGEAAFxg8ABcX1AAUewQAAwCMAAgBWTWFjaW50b3NoIEhEOlVzZXJzOgBhcmF1ZToAU2l0ZXM6AHB1YjoAYmlidGV4OgBLcmV1dHo6AFByb2ZpbGUgTGlrZWxpaG9vZCBpIzU2RkM2NS5wZGYADgBWACoAUAByAG8AZgBpAGwAZQAgAEwAaQBrAGUAbABpAGgAbwBvAGQAIABpAG4AIABTAHkAcwB0AGUAbQBzACAAQgBpAG8AbABvAGcAeQAwAC4AcABkAGYADwAaAAwATQBhAGMAaQBuAHQAbwBzAGgAIABIAEQAEgBOVXNlcnMvYXJhdWUvU2l0ZXMvcHViL2JpYnRleC9LcmV1dHovUHJvZmlsZSBMaWtlbGlob29kIGluIFN5c3RlbXMgQmlvbG9neTAucGRmABMAAS8AABUAAgAM//8AAIAG0hscHR5aJGNsYXNzbmFtZVgkY2xhc3Nlc11OU011dGFibGVEYXRhox0fIFZOU0RhdGFYTlNPYmplY3TSGxwiI1xOU0RpY3Rpb25hcnmiIiBfEA9OU0tleWVkQXJjaGl2ZXLRJidUcm9vdIABAAgAEQAaACMALQAyADcAQABGAE0AVQBgAGcAagBsAG4AcQBzAHUAdwCEAI4A3wDkAOwC+AL6Av8DCgMTAyEDJQMsAzUDOgNHA0oDXANfA2QAAAAAAAACAQAAAAAAAAAoAAAAAAAAAAAAAAAAAAADZg==}}

@article{Raue:2010fk,
	Abstract = {Dynamical models of cellular processes promise to yield new insights into the underlying systems and their biological interpretation. The processes are usually nonlinear, high dimensional, and time-resolved experimental data of the processes are sparse. Therefore, parameter estimation faces the challenges of structural and practical nonidentifiability. Nonidentifiability of parameters induces nonobservability of trajectories, reducing the predictive power of the model. We will discuss a generic approach for nonlinear models that allows for identifiability and observability analysis by means of a realistic example from systems biology. The results will be utilized to design new experiments that enhance model predictiveness, illustrating the iterative cycle between modeling and experimentation in systems biology.},
	Author = {Raue, A and Becker, V and Klingm{\"u}ller, U and Timmer, J},
	Date-Added = {2015-05-23 01:37:12 +0000},
	Date-Modified = {2015-05-23 01:37:12 +0000},
	Journal = {Chaos},
	Number = {4},
	Pages = {045105},
	Pdf = {Raue/Identifiability and Observability Analysis for Experimental Design.pdf},
	Title = {Identifiability and Observability Analysis for Experimental Design in Non-Linear Dynamical Models},
	Url = {http://link.aip.org/link/?CHA/20/045105},
	Volume = {20},
	Year = {2010},
	Bdsk-File-1 = {YnBsaXN0MDDUAQIDBAUGJCVYJHZlcnNpb25YJG9iamVjdHNZJGFyY2hpdmVyVCR0b3ASAAGGoKgHCBMUFRYaIVUkbnVsbNMJCgsMDxJXTlMua2V5c1pOUy5vYmplY3RzViRjbGFzc6INDoACgAOiEBGABIAFgAdccmVsYXRpdmVQYXRoWWFsaWFzRGF0YV8QaC4uLy4uLy4uLy4uL1NpdGVzL3B1Yi9iaWJ0ZXgvUmF1ZS9JZGVudGlmaWFiaWxpdHkgYW5kIE9ic2VydmFiaWxpdHkgQW5hbHlzaXMgZm9yIEV4cGVyaW1lbnRhbCBEZXNpZ24ucGRm0hcLGBlXTlMuZGF0YU8RAlYAAAAAAlYAAgAADE1hY2ludG9zaCBIRAAAAAAAAAAAAAAAAAAAAMq4/xRIKwAAAAXGrB9JZGVudGlmaWFiaWxpdHkgYW5kIE8jNUM2QjEucGRmAAAAAAAAAAAAAAAAAAAAAAAAAAAAAAAAAAAAAAAAAAAABcaxyVspHQAAAAAAAAAAAAQABQAACSAAAAAAAAAAAAAAAAAAAAAEUmF1ZQAQAAgAAMq5N1QAAAARAAgAAMlbb20AAAABABgABcasAAXGEAAFxg8ABcX1AAUewQAAwCMAAgBUTWFjaW50b3NoIEhEOlVzZXJzOgBhcmF1ZToAU2l0ZXM6AHB1YjoAYmlidGV4OgBSYXVlOgBJZGVudGlmaWFiaWxpdHkgYW5kIE8jNUM2QjEucGRmAA4AjgBGAEkAZABlAG4AdABpAGYAaQBhAGIAaQBsAGkAdAB5ACAAYQBuAGQAIABPAGIAcwBlAHIAdgBhAGIAaQBsAGkAdAB5ACAAQQBuAGEAbAB5AHMAaQBzACAAZgBvAHIAIABFAHgAcABlAHIAaQBtAGUAbgB0AGEAbAAgAEQAZQBzAGkAZwBuAC4AcABkAGYADwAaAAwATQBhAGMAaQBuAHQAbwBzAGgAIABIAEQAEgBoVXNlcnMvYXJhdWUvU2l0ZXMvcHViL2JpYnRleC9SYXVlL0lkZW50aWZpYWJpbGl0eSBhbmQgT2JzZXJ2YWJpbGl0eSBBbmFseXNpcyBmb3IgRXhwZXJpbWVudGFsIERlc2lnbi5wZGYAEwABLwAAFQACAAz//wAAgAbSGxwdHlokY2xhc3NuYW1lWCRjbGFzc2VzXU5TTXV0YWJsZURhdGGjHR8gVk5TRGF0YVhOU09iamVjdNIbHCIjXE5TRGljdGlvbmFyeaIiIF8QD05TS2V5ZWRBcmNoaXZlctEmJ1Ryb290gAEACAARABoAIwAtADIANwBAAEYATQBVAGAAZwBqAGwAbgBxAHMAdQB3AIQAjgD5AP4BBgNgA2IDZwNyA3sDiQONA5QDnQOiA68DsgPEA8cDzAAAAAAAAAIBAAAAAAAAACgAAAAAAAAAAAAAAAAAAAPO}}

@article{Steiert:2012fk,
	Abstract = {Systems biology aims for building quantitative models to address unresolved issues in molecular biology. In order to describe the behavior of biological cells adequately, gene regulatory networks (GRNs) are intensively investigated. As the validity of models built for GRNs depends crucially on the kinetic rates, various methods have been developed to estimate these parameters from experimental data. For this purpose, it is favorable to choose the experimental conditions yielding maximal information. However, existing experimental design principles often rely on unfulfilled mathematical assumptions or become computationally demanding with growing model complexity. To solve this problem, we combined advanced methods for parameter and uncertainty estimation with experimental design considerations. As a showcase, we optimized three simulated GRNs in one of the challenges from the Dialogue for Reverse Engineering Assessment and Methods (DREAM). This article presents our approach, which was awarded the best performing procedure at the DREAM6 Estimation of Model Parameters challenge. For fast and reliable parameter estimation, local deterministic optimization of the likelihood was applied. We analyzed identifiability and precision of the estimates by calculating the profile likelihood. Furthermore, the profiles provided a way to uncover a selection of most informative experiments, from which the optimal one was chosen using additional criteria at every step of the design process. In conclusion, we provide a strategy for optimal experimental design and show its successful application on three highly nonlinear dynamic models. Although presented in the context of the GRNs to be inferred for the DREAM6 challenge, the approach is generic and applicable to most types of quantitative models in systems biology and other disciplines.},
	Author = {Steiert, B and Raue, A and Timmer, J and Kreutz, C},
	Date-Added = {2015-05-23 01:37:05 +0000},
	Date-Modified = {2015-05-23 01:37:05 +0000},
	Journal = {PLOS ONE},
	Number = {7},
	Pages = {e40052},
	Pdf = {Steiert/Experimental Design for Parameter Estimation of Gene.pdf},
	Title = {Experimental Design for Parameter Estimation of Gene Regulatory Networks},
	Url = {http://www.plosone.org/article/info:doi/10.1371/journal.pone.0040052},
	Volume = {7},
	Year = {2012},
	Bdsk-File-1 = {YnBsaXN0MDDUAQIDBAUGJCVYJHZlcnNpb25YJG9iamVjdHNZJGFyY2hpdmVyVCR0b3ASAAGGoKgHCBMUFRYaIVUkbnVsbNMJCgsMDxJXTlMua2V5c1pOUy5vYmplY3RzViRjbGFzc6INDoACgAOiEBGABIAFgAdccmVsYXRpdmVQYXRoWWFsaWFzRGF0YV8QXS4uLy4uLy4uLy4uL1NpdGVzL3B1Yi9iaWJ0ZXgvU3RlaWVydC9FeHBlcmltZW50YWwgRGVzaWduIGZvciBQYXJhbWV0ZXIgRXN0aW1hdGlvbiBvZiBHZW5lLnBkZtIXCxgZV05TLmRhdGFPEQI4AAAAAAI4AAIAAAxNYWNpbnRvc2ggSEQAAAAAAAAAAAAAAAAAAADKuP8USCsAAAApUwkfRXhwZXJpbWVudGFsIERlc2lnbiAjMjk1MjQ2LnBkZgAAAAAAAAAAAAAAAAAAAAAAAAAAAAAAAAAAAAAAAAAAAClSRswp9XoAAAAAAAAAAAAEAAUAAAkgAAAAAAAAAAAAAAAAAAAAB1N0ZWllcnQAABAACAAAyrk3VAAAABEACAAAzCotugAAAAEAGAApUwkABcYQAAXGDwAFxfUABR7BAADAIwACAFdNYWNpbnRvc2ggSEQ6VXNlcnM6AGFyYXVlOgBTaXRlczoAcHViOgBiaWJ0ZXg6AFN0ZWllcnQ6AEV4cGVyaW1lbnRhbCBEZXNpZ24gIzI5NTI0Ni5wZGYAAA4AcgA4AEUAeABwAGUAcgBpAG0AZQBuAHQAYQBsACAARABlAHMAaQBnAG4AIABmAG8AcgAgAFAAYQByAGEAbQBlAHQAZQByACAARQBzAHQAaQBtAGEAdABpAG8AbgAgAG8AZgAgAEcAZQBuAGUALgBwAGQAZgAPABoADABNAGEAYwBpAG4AdABvAHMAaAAgAEgARAASAF1Vc2Vycy9hcmF1ZS9TaXRlcy9wdWIvYmlidGV4L1N0ZWllcnQvRXhwZXJpbWVudGFsIERlc2lnbiBmb3IgUGFyYW1ldGVyIEVzdGltYXRpb24gb2YgR2VuZS5wZGYAABMAAS8AABUAAgAM//8AAIAG0hscHR5aJGNsYXNzbmFtZVgkY2xhc3Nlc11OU011dGFibGVEYXRhox0fIFZOU0RhdGFYTlNPYmplY3TSGxwiI1xOU0RpY3Rpb25hcnmiIiBfEA9OU0tleWVkQXJjaGl2ZXLRJidUcm9vdIABAAgAEQAaACMALQAyADcAQABGAE0AVQBgAGcAagBsAG4AcQBzAHUAdwCEAI4A7gDzAPsDNwM5Az4DSQNSA2ADZANrA3QDeQOGA4kDmwOeA6MAAAAAAAACAQAAAAAAAAAoAAAAAAAAAAAAAAAAAAADpQ==}}

@article{Hug:2012fk,
	Abstract = {In this work we present results of a detailed Bayesian parameter estima- tion for an analysis of ordinary differential equation models. These depend on many unknown parameters that have to be inferred from experimental data. The statistical inference in a high-dimensional parameter space is however conceptually and computationally challenging. To ensure rigorous assess- ment of model and prediction uncertainties we take advantage of both a profile posterior approach and Markov chain Monte Carlo sampling.
We analyzed a dynamical model of the JAK2/STAT5 signal transduc- tion pathway that contains more than one hundred parameters. Using the profile posterior we found that the corresponding posterior distribution is bimodal. To guarantee efficient mixing in the presence of multimodal poste- rior distributions we applied a multi-chain sampling approach. The Bayesian parameter estimation enables the assessment of prediction uncertainties and the design of additional experiments that enhance the explanatory power of the model.},
	Author = {Hug, S and Raue, A and Hasenauer, J and Bachmann, J and Klingm{\"u}ller, U and Timmer, J and Theis, F},
	Date-Added = {2015-05-23 01:36:55 +0000},
	Date-Modified = {2015-05-23 01:36:55 +0000},
	Journal = {Mathematical Biosciences},
	Number = {2},
	Pages = {293--304},
	Pdf = {Hug/High-Dimensional Bayesian Parameter Estimation Case1.pdf},
	Title = {High-Dimensional {Bayesian} Parameter Estimation: Case Study for a Model of {JAK2/\-STAT5} Signaling},
	Url = {http://dx.doi.org/10.1016/j.mbs.2013.04.002},
	Volume = {246},
	Year = {2013},
	Bdsk-File-1 = {YnBsaXN0MDDUAQIDBAUGJCVYJHZlcnNpb25YJG9iamVjdHNZJGFyY2hpdmVyVCR0b3ASAAGGoKgHCBMUFRYaIVUkbnVsbNMJCgsMDxJXTlMua2V5c1pOUy5vYmplY3RzViRjbGFzc6INDoACgAOiEBGABIAFgAdccmVsYXRpdmVQYXRoWWFsaWFzRGF0YV8QWC4uLy4uLy4uLy4uL1NpdGVzL3B1Yi9iaWJ0ZXgvSHVnL0hpZ2gtRGltZW5zaW9uYWwgQmF5ZXNpYW4gUGFyYW1ldGVyIEVzdGltYXRpb24gQ2FzZS5wZGbSFwsYGVdOUy5kYXRhTxECKAAAAAACKAACAAAMTWFjaW50b3NoIEhEAAAAAAAAAAAAAAAAAAAAyrj/FEgrAAAAUUfBH0hpZ2gtRGltZW5zaW9uYWwgQmF5IzhDNjNENi5wZGYAAAAAAAAAAAAAAAAAAAAAAAAAAAAAAAAAAAAAAAAAAACMY9bPFkGNAAAAAAAAAAAABAAFAAAJIAAAAAAAAAAAAAAAAAAAAANIdWcAABAACAAAyrk3VAAAABEACAAAzxaH3QAAAAEAGABRR8EABcYQAAXGDwAFxfUABR7BAADAIwACAFNNYWNpbnRvc2ggSEQ6VXNlcnM6AGFyYXVlOgBTaXRlczoAcHViOgBiaWJ0ZXg6AEh1ZzoASGlnaC1EaW1lbnNpb25hbCBCYXkjOEM2M0Q2LnBkZgAADgBwADcASABpAGcAaAAtAEQAaQBtAGUAbgBzAGkAbwBuAGEAbAAgAEIAYQB5AGUAcwBpAGEAbgAgAFAAYQByAGEAbQBlAHQAZQByACAARQBzAHQAaQBtAGEAdABpAG8AbgAgAEMAYQBzAGUALgBwAGQAZgAPABoADABNAGEAYwBpAG4AdABvAHMAaAAgAEgARAASAFhVc2Vycy9hcmF1ZS9TaXRlcy9wdWIvYmlidGV4L0h1Zy9IaWdoLURpbWVuc2lvbmFsIEJheWVzaWFuIFBhcmFtZXRlciBFc3RpbWF0aW9uIENhc2UucGRmABMAAS8AABUAAgAM//8AAIAG0hscHR5aJGNsYXNzbmFtZVgkY2xhc3Nlc11OU011dGFibGVEYXRhox0fIFZOU0RhdGFYTlNPYmplY3TSGxwiI1xOU0RpY3Rpb25hcnmiIiBfEA9OU0tleWVkQXJjaGl2ZXLRJidUcm9vdIABAAgAEQAaACMALQAyADcAQABGAE0AVQBgAGcAagBsAG4AcQBzAHUAdwCEAI4A6QDuAPYDIgMkAykDNAM9A0sDTwNWA18DZANxA3QDhgOJA44AAAAAAAACAQAAAAAAAAAoAAAAAAAAAAAAAAAAAAADkA==}}

@article{Raue:2013fk,
	Abstract = {Increasingly complex applications involve large datasets in combination with non-linear and high dimensional mathematical models. In this context, statistical inference is a challenging issue that calls for pragmatic approaches that take advantage of both Bayesian and frequentist methods. The elegance of Bayesian methodology is founded in the propagation of information content provided by experimental data and prior assumptions to the posterior probability distribution of model predictions. However, for complex applications experimental data and prior assumptions potentially constrain the posterior probability distribution insufficiently. In these situations Bayesian Markov chain Monte Carlo sampling can be infeasible. From a frequentist point of view insufficient experimental data and prior assumptions can be interpreted as non-identifiability. The profile likelihood approach offers to detect and to resolve non-identifiability by experimental design iteratively. Therefore, it allows one to better constrain the posterior probability distribution until Markov chain Monte Carlo sampling can be used securely. Using an application from cell biology we compare both methods and show that a successive application of both methods facilitates a realistic assessment of uncertainty in model predictions.},
	Author = {Raue, A. and Kreutz, C. and Theis, F. and Timmer, J.},
	Date-Added = {2015-05-23 01:36:50 +0000},
	Date-Modified = {2015-05-23 01:36:50 +0000},
	Journal = {Phil. Trans. Roy. Soc. A},
	Pages = {20110544},
	Pdf = {Raue/Joining Forces of Bayesian and Frequentist Methodology1.pdf},
	Pdfsupplement = {Raue/Joining Forces of Bayesian and Frequentist Methodology0.pdf},
	Title = {Joining Forces of {Bayesian} and Frequentist Methodology: A Study for Inference in the Presence of Non-Identifiability},
	Url = {http://dx.doi.org/10.1098/rsta.2011.0544},
	Volume = {371},
	Year = {2013},
	Bdsk-File-1 = {YnBsaXN0MDDUAQIDBAUGJCVYJHZlcnNpb25YJG9iamVjdHNZJGFyY2hpdmVyVCR0b3ASAAGGoKgHCBMUFRYaIVUkbnVsbNMJCgsMDxJXTlMua2V5c1pOUy5vYmplY3RzViRjbGFzc6INDoACgAOiEBGABIAFgAdccmVsYXRpdmVQYXRoWWFsaWFzRGF0YV8QXS4uLy4uLy4uLy4uL1NpdGVzL3B1Yi9iaWJ0ZXgvUmF1ZS9Kb2luaW5nIEZvcmNlcyBvZiBCYXllc2lhbiBhbmQgRnJlcXVlbnRpc3QgTWV0aG9kb2xvZ3kxLnBkZtIXCxgZV05TLmRhdGFPEQI2AAAAAAI2AAIAAAxNYWNpbnRvc2ggSEQAAAAAAAAAAAAAAAAAAADKuP8USCsAAAAFxqwfSm9pbmluZyBGb3JjZXMgb2YgQmEjNEM3RTAxLnBkZgAAAAAAAAAAAAAAAAAAAAAAAAAAAAAAAAAAAAAAAAAAAEx+Ac0ImLgAAAAAAAAAAAAEAAUAAAkgAAAAAAAAAAAAAAAAAAAABFJhdWUAEAAIAADKuTdUAAAAEQAIAADNCN8IAAAAAQAYAAXGrAAFxhAABcYPAAXF9QAFHsEAAMAjAAIAVE1hY2ludG9zaCBIRDpVc2VyczoAYXJhdWU6AFNpdGVzOgBwdWI6AGJpYnRleDoAUmF1ZToASm9pbmluZyBGb3JjZXMgb2YgQmEjNEM3RTAxLnBkZgAOAHgAOwBKAG8AaQBuAGkAbgBnACAARgBvAHIAYwBlAHMAIABvAGYAIABCAGEAeQBlAHMAaQBhAG4AIABhAG4AZAAgAEYAcgBlAHEAdQBlAG4AdABpAHMAdAAgAE0AZQB0AGgAbwBkAG8AbABvAGcAeQAxAC4AcABkAGYADwAaAAwATQBhAGMAaQBuAHQAbwBzAGgAIABIAEQAEgBdVXNlcnMvYXJhdWUvU2l0ZXMvcHViL2JpYnRleC9SYXVlL0pvaW5pbmcgRm9yY2VzIG9mIEJheWVzaWFuIGFuZCBGcmVxdWVudGlzdCBNZXRob2RvbG9neTEucGRmAAATAAEvAAAVAAIADP//AACABtIbHB0eWiRjbGFzc25hbWVYJGNsYXNzZXNdTlNNdXRhYmxlRGF0YaMdHyBWTlNEYXRhWE5TT2JqZWN00hscIiNcTlNEaWN0aW9uYXJ5oiIgXxAPTlNLZXllZEFyY2hpdmVy0SYnVHJvb3SAAQAIABEAGgAjAC0AMgA3AEAARgBNAFUAYABnAGoAbABuAHEAcwB1AHcAhACOAO4A8wD7AzUDNwM8A0cDUANeA2IDaQNyA3cDhAOHA5kDnAOhAAAAAAAAAgEAAAAAAAAAKAAAAAAAAAAAAAAAAAAAA6M=},
	Bdsk-File-2 = {YnBsaXN0MDDUAQIDBAUGJCVYJHZlcnNpb25YJG9iamVjdHNZJGFyY2hpdmVyVCR0b3ASAAGGoKgHCBMUFRYaIVUkbnVsbNMJCgsMDxJXTlMua2V5c1pOUy5vYmplY3RzViRjbGFzc6INDoACgAOiEBGABIAFgAdccmVsYXRpdmVQYXRoWWFsaWFzRGF0YV8QXC4uLy4uLy4uLy4uL1NpdGVzL3B1Yi9iaWJ0ZXgvUmF1ZS9Kb2luaW5nIEZvcmNlcyBvZiBCYXllc2lhbiBhbmQgRnJlcXVlbnRpc3QgTWV0aG9kb2xvZ3kucGRm0hcLGBlXTlMuZGF0YU8RAjIAAAAAAjIAAgAADE1hY2ludG9zaCBIRAAAAAAAAAAAAAAAAAAAAMq4/xRIKwAAAAXGrB9Kb2luaW5nIEZvcmNlcyBvZiBCYSMyREU2OEIucGRmAAAAAAAAAAAAAAAAAAAAAAAAAAAAAAAAAAAAAAAAAAAALeaLzFp0IQAAAAAAAAAAAAQABQAACSAAAAAAAAAAAAAAAAAAAAAEUmF1ZQAQAAgAAMq5N1QAAAARAAgAAMxarGEAAAABABgABcasAAXGEAAFxg8ABcX1AAUewQAAwCMAAgBUTWFjaW50b3NoIEhEOlVzZXJzOgBhcmF1ZToAU2l0ZXM6AHB1YjoAYmlidGV4OgBSYXVlOgBKb2luaW5nIEZvcmNlcyBvZiBCYSMyREU2OEIucGRmAA4AdgA6AEoAbwBpAG4AaQBuAGcAIABGAG8AcgBjAGUAcwAgAG8AZgAgAEIAYQB5AGUAcwBpAGEAbgAgAGEAbgBkACAARgByAGUAcQB1AGUAbgB0AGkAcwB0ACAATQBlAHQAaABvAGQAbwBsAG8AZwB5AC4AcABkAGYADwAaAAwATQBhAGMAaQBuAHQAbwBzAGgAIABIAEQAEgBcVXNlcnMvYXJhdWUvU2l0ZXMvcHViL2JpYnRleC9SYXVlL0pvaW5pbmcgRm9yY2VzIG9mIEJheWVzaWFuIGFuZCBGcmVxdWVudGlzdCBNZXRob2RvbG9neS5wZGYAEwABLwAAFQACAAz//wAAgAbSGxwdHlokY2xhc3NuYW1lWCRjbGFzc2VzXU5TTXV0YWJsZURhdGGjHR8gVk5TRGF0YVhOU09iamVjdNIbHCIjXE5TRGljdGlvbmFyeaIiIF8QD05TS2V5ZWRBcmNoaXZlctEmJ1Ryb290gAEACAARABoAIwAtADIANwBAAEYATQBVAGAAZwBqAGwAbgBxAHMAdQB3AIQAjgDtAPIA+gMwAzIDNwNCA0sDWQNdA2QDbQNyA38DggOUA5cDnAAAAAAAAAIBAAAAAAAAACgAAAAAAAAAAAAAAAAAAAOe},
	Bdsk-File-3 = {YnBsaXN0MDDUAQIDBAUGJCVYJHZlcnNpb25YJG9iamVjdHNZJGFyY2hpdmVyVCR0b3ASAAGGoKgHCBMUFRYaIVUkbnVsbNMJCgsMDxJXTlMua2V5c1pOUy5vYmplY3RzViRjbGFzc6INDoACgAOiEBGABIAFgAdccmVsYXRpdmVQYXRoWWFsaWFzRGF0YV8QXS4uLy4uLy4uLy4uL1NpdGVzL3B1Yi9iaWJ0ZXgvUmF1ZS9Kb2luaW5nIEZvcmNlcyBvZiBCYXllc2lhbiBhbmQgRnJlcXVlbnRpc3QgTWV0aG9kb2xvZ3kwLnBkZtIXCxgZV05TLmRhdGFPEQI2AAAAAAI2AAIAAAxNYWNpbnRvc2ggSEQAAAAAAAAAAAAAAAAAAADKuP8USCsAAAAFxqwfSm9pbmluZyBGb3JjZXMgb2YgQmEjMkRFNjhDLnBkZgAAAAAAAAAAAAAAAAAAAAAAAAAAAAAAAAAAAAAAAAAAAC3mjMxadCEAAAAAAAAAAAAEAAUAAAkgAAAAAAAAAAAAAAAAAAAABFJhdWUAEAAIAADKuTdUAAAAEQAIAADMWqxhAAAAAQAYAAXGrAAFxhAABcYPAAXF9QAFHsEAAMAjAAIAVE1hY2ludG9zaCBIRDpVc2VyczoAYXJhdWU6AFNpdGVzOgBwdWI6AGJpYnRleDoAUmF1ZToASm9pbmluZyBGb3JjZXMgb2YgQmEjMkRFNjhDLnBkZgAOAHgAOwBKAG8AaQBuAGkAbgBnACAARgBvAHIAYwBlAHMAIABvAGYAIABCAGEAeQBlAHMAaQBhAG4AIABhAG4AZAAgAEYAcgBlAHEAdQBlAG4AdABpAHMAdAAgAE0AZQB0AGgAbwBkAG8AbABvAGcAeQAwAC4AcABkAGYADwAaAAwATQBhAGMAaQBuAHQAbwBzAGgAIABIAEQAEgBdVXNlcnMvYXJhdWUvU2l0ZXMvcHViL2JpYnRleC9SYXVlL0pvaW5pbmcgRm9yY2VzIG9mIEJheWVzaWFuIGFuZCBGcmVxdWVudGlzdCBNZXRob2RvbG9neTAucGRmAAATAAEvAAAVAAIADP//AACABtIbHB0eWiRjbGFzc25hbWVYJGNsYXNzZXNdTlNNdXRhYmxlRGF0YaMdHyBWTlNEYXRhWE5TT2JqZWN00hscIiNcTlNEaWN0aW9uYXJ5oiIgXxAPTlNLZXllZEFyY2hpdmVy0SYnVHJvb3SAAQAIABEAGgAjAC0AMgA3AEAARgBNAFUAYABnAGoAbABuAHEAcwB1AHcAhACOAO4A8wD7AzUDNwM8A0cDUANeA2IDaQNyA3cDhAOHA5kDnAOhAAAAAAAAAgEAAAAAAAAAKAAAAAAAAAAAAAAAAAAAA6M=},
	Bdsk-Url-1 = {http://arxiv.org/abs/1202.4605}}

@article{Kreutz:2011kx,
	Abstract = {Background
Predicting a system's behavior based on a mathematical model is a primary task in Systems Biology. If the model parameters are estimated from experimental data, the parameter uncertainty has to be translated into confidence intervals for model predictions. For dynamic models of biochemical networks, the nonlinearity in combination with the large number of parameters hampers the calculation of prediction confidence intervals and renders classical approaches as hardly feasible.

Results
In this article reliable confidence intervals are calculated based on the prediction profile likelihood. Such prediction confidence intervals of the dynamic states can be utilized for a data-based observability analysis. The method is also applicable if there are non-identifiable parameters yielding to some insufficiently specified modelpredictions that can be interpreted as non-observability. Moreover, a validation profile likelihood is introduced that should be applied when noisy validation experiments are to be interpreted.

Conclusions
The presented methodology allows the propagation of uncertainty from experimental to model pre-dictions. Although presented in the context of ordinary differential equations, the concept is general and also applicable to other types of models. Matlab code which can be used as a template to implement the method is provided at http://www.fdmold.uni-freiburg.de/~ckreutz/PPL .},
	Author = {Kreutz, C and Raue, A and Timmer, J},
	Date-Added = {2015-05-23 01:36:39 +0000},
	Date-Modified = {2015-05-23 01:36:39 +0000},
	Journal = {BMC Systems Biology},
	Pages = {120},
	Pdf = {Kreutz/Likelihood based observability analysis and confidence0.pdf},
	Title = {Likelihood based observability analysis and confidence intervals for predictions of dynamic models},
	Url = {http://www.biomedcentral.com/1752-0509/6/120/abstract},
	Volume = {6},
	Year = {2012},
	Bdsk-File-1 = {YnBsaXN0MDDUAQIDBAUGJCVYJHZlcnNpb25YJG9iamVjdHNZJGFyY2hpdmVyVCR0b3ASAAGGoKgHCBMUFRYaIVUkbnVsbNMJCgsMDxJXTlMua2V5c1pOUy5vYmplY3RzViRjbGFzc6INDoACgAOiEBGABIAFgAdccmVsYXRpdmVQYXRoWWFsaWFzRGF0YV8QXy4uLy4uLy4uLy4uL1NpdGVzL3B1Yi9iaWJ0ZXgvS3JldXR6L0xpa2VsaWhvb2QgYmFzZWQgb2JzZXJ2YWJpbGl0eSBhbmFseXNpcyBhbmQgY29uZmlkZW5jZTAucGRm0hcLGBlXTlMuZGF0YU8RAjwAAAAAAjwAAgAADE1hY2ludG9zaCBIRAAAAAAAAAAAAAAAAAAAAMq4/xRIKwAAAAXGdB9MaWtlbGlob29kIGJhc2VkIG9icyM0Q0UwRjIucGRmAAAAAAAAAAAAAAAAAAAAAAAAAAAAAAAAAAAAAAAAAAAATODyzTjYsQAAAAAAAAAAAAQABQAACSAAAAAAAAAAAAAAAAAAAAAGS3JldXR6ABAACAAAyrk3VAAAABEACAAAzTkfAQAAAAEAGAAFxnQABcYQAAXGDwAFxfUABR7BAADAIwACAFZNYWNpbnRvc2ggSEQ6VXNlcnM6AGFyYXVlOgBTaXRlczoAcHViOgBiaWJ0ZXg6AEtyZXV0ejoATGlrZWxpaG9vZCBiYXNlZCBvYnMjNENFMEYyLnBkZgAOAHgAOwBMAGkAawBlAGwAaQBoAG8AbwBkACAAYgBhAHMAZQBkACAAbwBiAHMAZQByAHYAYQBiAGkAbABpAHQAeQAgAGEAbgBhAGwAeQBzAGkAcwAgAGEAbgBkACAAYwBvAG4AZgBpAGQAZQBuAGMAZQAwAC4AcABkAGYADwAaAAwATQBhAGMAaQBuAHQAbwBzAGgAIABIAEQAEgBfVXNlcnMvYXJhdWUvU2l0ZXMvcHViL2JpYnRleC9LcmV1dHovTGlrZWxpaG9vZCBiYXNlZCBvYnNlcnZhYmlsaXR5IGFuYWx5c2lzIGFuZCBjb25maWRlbmNlMC5wZGYAABMAAS8AABUAAgAM//8AAIAG0hscHR5aJGNsYXNzbmFtZVgkY2xhc3Nlc11OU011dGFibGVEYXRhox0fIFZOU0RhdGFYTlNPYmplY3TSGxwiI1xOU0RpY3Rpb25hcnmiIiBfEA9OU0tleWVkQXJjaGl2ZXLRJidUcm9vdIABAAgAEQAaACMALQAyADcAQABGAE0AVQBgAGcAagBsAG4AcQBzAHUAdwCEAI4A8AD1AP0DPQM/A0QDTwNYA2YDagNxA3oDfwOMA48DoQOkA6kAAAAAAAACAQAAAAAAAAAoAAAAAAAAAAAAAAAAAAADqw==},
	Bdsk-File-2 = {YnBsaXN0MDDUAQIDBAUGJCVYJHZlcnNpb25YJG9iamVjdHNZJGFyY2hpdmVyVCR0b3ASAAGGoKgHCBMUFRYaIVUkbnVsbNMJCgsMDxJXTlMua2V5c1pOUy5vYmplY3RzViRjbGFzc6INDoACgAOiEBGABIAFgAdccmVsYXRpdmVQYXRoWWFsaWFzRGF0YV8QXi4uLy4uLy4uLy4uL1NpdGVzL3B1Yi9iaWJ0ZXgvS3JldXR6L0xpa2VsaWhvb2QgYmFzZWQgb2JzZXJ2YWJpbGl0eSBhbmFseXNpcyBhbmQgY29uZmlkZW5jZS5wZGbSFwsYGVdOUy5kYXRhTxECOAAAAAACOAACAAAMTWFjaW50b3NoIEhEAAAAAAAAAAAAAAAAAAAAyrj/FEgrAAAABcZ0H0xpa2VsaWhvb2QgYmFzZWQgb2JzIzJFQ0I2NS5wZGYAAAAAAAAAAAAAAAAAAAAAAAAAAAAAAAAAAAAAAAAAAAAuy2XMbjWPAAAAAAAAAAAABAAFAAAJIAAAAAAAAAAAAAAAAAAAAAZLcmV1dHoAEAAIAADKuTdUAAAAEQAIAADMbm3PAAAAAQAYAAXGdAAFxhAABcYPAAXF9QAFHsEAAMAjAAIAVk1hY2ludG9zaCBIRDpVc2VyczoAYXJhdWU6AFNpdGVzOgBwdWI6AGJpYnRleDoAS3JldXR6OgBMaWtlbGlob29kIGJhc2VkIG9icyMyRUNCNjUucGRmAA4AdgA6AEwAaQBrAGUAbABpAGgAbwBvAGQAIABiAGEAcwBlAGQAIABvAGIAcwBlAHIAdgBhAGIAaQBsAGkAdAB5ACAAYQBuAGEAbAB5AHMAaQBzACAAYQBuAGQAIABjAG8AbgBmAGkAZABlAG4AYwBlAC4AcABkAGYADwAaAAwATQBhAGMAaQBuAHQAbwBzAGgAIABIAEQAEgBeVXNlcnMvYXJhdWUvU2l0ZXMvcHViL2JpYnRleC9LcmV1dHovTGlrZWxpaG9vZCBiYXNlZCBvYnNlcnZhYmlsaXR5IGFuYWx5c2lzIGFuZCBjb25maWRlbmNlLnBkZgATAAEvAAAVAAIADP//AACABtIbHB0eWiRjbGFzc25hbWVYJGNsYXNzZXNdTlNNdXRhYmxlRGF0YaMdHyBWTlNEYXRhWE5TT2JqZWN00hscIiNcTlNEaWN0aW9uYXJ5oiIgXxAPTlNLZXllZEFyY2hpdmVy0SYnVHJvb3SAAQAIABEAGgAjAC0AMgA3AEAARgBNAFUAYABnAGoAbABuAHEAcwB1AHcAhACOAO8A9AD8AzgDOgM/A0oDUwNhA2UDbAN1A3oDhwOKA5wDnwOkAAAAAAAAAgEAAAAAAAAAKAAAAAAAAAAAAAAAAAAAA6Y=}}

@article{Raue:2009ec,
	Abstract = {Motivation: Mathematical description of biological reaction networks by differential equations leads to large models whose parameters are calibrated in order to optimally explain experimental data. Often only parts of the model can be observed directly. Given a model that sufficiently describes the measured data, it is important to infer how well model parameters are determined by the amount and quality of experimental data. This knowledge is essential for further investigation of model predictions. For this reason a major topic in modeling is identifiability analysis.

Results: We suggest an approach that exploits the profile likelihood. It enables to detect structural non-identifiabilities, which manifest in functionally related model parameters. Furthermore, practical non-identifiabilities are detected, that might arise due to limited amount and quality of experimental data. Last but not least confidence intervals can be derived. The results are easy to interpret and can be used for experimental planning and for model reduction.},
	Author = {Raue, A and Kreutz, C and Maiwald, T and Bachmann, J and Schilling, M and Klingm{\"u}ller, U and Timmer, J},
	Date-Added = {2015-05-23 01:36:28 +0000},
	Date-Modified = {2015-05-23 01:36:28 +0000},
	Journal = {Bioinformatics},
	Number = {15},
	Pages = {1923--1929},
	Pdf = {Raue/Structural and practical identifiability analysis of partially0.pdf},
	Pdfsupplement = {Raue/Structural and practical identifiability analysis of partially1.pdf},
	Title = {Structural and practical identifiability analysis of partially observed dynamical models by exploiting the profile likelihood},
	Url = {http://bioinformatics.oxfordjournals.org/cgi/content/abstract/btp358v1},
	Volume = {25},
	Year = {2009},
	Bdsk-File-1 = {YnBsaXN0MDDUAQIDBAUGJCVYJHZlcnNpb25YJG9iamVjdHNZJGFyY2hpdmVyVCR0b3ASAAGGoKgHCBMUFRYaIVUkbnVsbNMJCgsMDxJXTlMua2V5c1pOUy5vYmplY3RzViRjbGFzc6INDoACgAOiEBGABIAFgAdccmVsYXRpdmVQYXRoWWFsaWFzRGF0YV8QZC4uLy4uLy4uLy4uL1NpdGVzL3B1Yi9iaWJ0ZXgvUmF1ZS9TdHJ1Y3R1cmFsIGFuZCBwcmFjdGljYWwgaWRlbnRpZmlhYmlsaXR5IGFuYWx5c2lzIG9mIHBhcnRpYWxseS5wZGbSFwsYGVdOUy5kYXRhTxECSgAAAAACSgACAAAMTWFjaW50b3NoIEhEAAAAAAAAAAAAAAAAAAAAyrj/FEgrAAAABcasH1N0cnVjdHVyYWwgYW5kIHByYWN0aSM1QzZCMi5wZGYAAAAAAAAAAAAAAAAAAAAAAAAAAAAAAAAAAAAAAAAAAAAFxrLI0NHYAAAAAAAAAAAABAAFAAAJIAAAAAAAAAAAAAAAAAAAAARSYXVlABAACAAAyrk3VAAAABEACAAAyNEKGAAAAAEAGAAFxqwABcYQAAXGDwAFxfUABR7BAADAIwACAFRNYWNpbnRvc2ggSEQ6VXNlcnM6AGFyYXVlOgBTaXRlczoAcHViOgBiaWJ0ZXg6AFJhdWU6AFN0cnVjdHVyYWwgYW5kIHByYWN0aSM1QzZCMi5wZGYADgCGAEIAUwB0AHIAdQBjAHQAdQByAGEAbAAgAGEAbgBkACAAcAByAGEAYwB0AGkAYwBhAGwAIABpAGQAZQBuAHQAaQBmAGkAYQBiAGkAbABpAHQAeQAgAGEAbgBhAGwAeQBzAGkAcwAgAG8AZgAgAHAAYQByAHQAaQBhAGwAbAB5AC4AcABkAGYADwAaAAwATQBhAGMAaQBuAHQAbwBzAGgAIABIAEQAEgBkVXNlcnMvYXJhdWUvU2l0ZXMvcHViL2JpYnRleC9SYXVlL1N0cnVjdHVyYWwgYW5kIHByYWN0aWNhbCBpZGVudGlmaWFiaWxpdHkgYW5hbHlzaXMgb2YgcGFydGlhbGx5LnBkZgATAAEvAAAVAAIADP//AACABtIbHB0eWiRjbGFzc25hbWVYJGNsYXNzZXNdTlNNdXRhYmxlRGF0YaMdHyBWTlNEYXRhWE5TT2JqZWN00hscIiNcTlNEaWN0aW9uYXJ5oiIgXxAPTlNLZXllZEFyY2hpdmVy0SYnVHJvb3SAAQAIABEAGgAjAC0AMgA3AEAARgBNAFUAYABnAGoAbABuAHEAcwB1AHcAhACOAPUA+gECA1ADUgNXA2IDawN5A30DhAONA5IDnwOiA7QDtwO8AAAAAAAAAgEAAAAAAAAAKAAAAAAAAAAAAAAAAAAAA74=},
	Bdsk-File-2 = {YnBsaXN0MDDUAQIDBAUGJCVYJHZlcnNpb25YJG9iamVjdHNZJGFyY2hpdmVyVCR0b3ASAAGGoKgHCBMUFRYaIVUkbnVsbNMJCgsMDxJXTlMua2V5c1pOUy5vYmplY3RzViRjbGFzc6INDoACgAOiEBGABIAFgAdccmVsYXRpdmVQYXRoWWFsaWFzRGF0YV8QZS4uLy4uLy4uLy4uL1NpdGVzL3B1Yi9iaWJ0ZXgvUmF1ZS9TdHJ1Y3R1cmFsIGFuZCBwcmFjdGljYWwgaWRlbnRpZmlhYmlsaXR5IGFuYWx5c2lzIG9mIHBhcnRpYWxseTAucGRm0hcLGBlXTlMuZGF0YU8RAk4AAAAAAk4AAgAADE1hY2ludG9zaCBIRAAAAAAAAAAAAAAAAAAAAMq4/xRIKwAAAAXGrB9TdHJ1Y3R1cmFsIGFuZCBwcmFjdGkjNUM2QjMucGRmAAAAAAAAAAAAAAAAAAAAAAAAAAAAAAAAAAAAAAAAAAAABcazyNDR2AAAAAAAAAAAAAQABQAACSAAAAAAAAAAAAAAAAAAAAAEUmF1ZQAQAAgAAMq5N1QAAAARAAgAAMjRChgAAAABABgABcasAAXGEAAFxg8ABcX1AAUewQAAwCMAAgBUTWFjaW50b3NoIEhEOlVzZXJzOgBhcmF1ZToAU2l0ZXM6AHB1YjoAYmlidGV4OgBSYXVlOgBTdHJ1Y3R1cmFsIGFuZCBwcmFjdGkjNUM2QjMucGRmAA4AiABDAFMAdAByAHUAYwB0AHUAcgBhAGwAIABhAG4AZAAgAHAAcgBhAGMAdABpAGMAYQBsACAAaQBkAGUAbgB0AGkAZgBpAGEAYgBpAGwAaQB0AHkAIABhAG4AYQBsAHkAcwBpAHMAIABvAGYAIABwAGEAcgB0AGkAYQBsAGwAeQAwAC4AcABkAGYADwAaAAwATQBhAGMAaQBuAHQAbwBzAGgAIABIAEQAEgBlVXNlcnMvYXJhdWUvU2l0ZXMvcHViL2JpYnRleC9SYXVlL1N0cnVjdHVyYWwgYW5kIHByYWN0aWNhbCBpZGVudGlmaWFiaWxpdHkgYW5hbHlzaXMgb2YgcGFydGlhbGx5MC5wZGYAABMAAS8AABUAAgAM//8AAIAG0hscHR5aJGNsYXNzbmFtZVgkY2xhc3Nlc11OU011dGFibGVEYXRhox0fIFZOU0RhdGFYTlNPYmplY3TSGxwiI1xOU0RpY3Rpb25hcnmiIiBfEA9OU0tleWVkQXJjaGl2ZXLRJidUcm9vdIABAAgAEQAaACMALQAyADcAQABGAE0AVQBgAGcAagBsAG4AcQBzAHUAdwCEAI4A9gD7AQMDVQNXA1wDZwNwA34DggOJA5IDlwOkA6cDuQO8A8EAAAAAAAACAQAAAAAAAAAoAAAAAAAAAAAAAAAAAAADww==},
	Bdsk-File-3 = {YnBsaXN0MDDUAQIDBAUGJCVYJHZlcnNpb25YJG9iamVjdHNZJGFyY2hpdmVyVCR0b3ASAAGGoKgHCBMUFRYaIVUkbnVsbNMJCgsMDxJXTlMua2V5c1pOUy5vYmplY3RzViRjbGFzc6INDoACgAOiEBGABIAFgAdccmVsYXRpdmVQYXRoWWFsaWFzRGF0YV8QZS4uLy4uLy4uLy4uL1NpdGVzL3B1Yi9iaWJ0ZXgvUmF1ZS9TdHJ1Y3R1cmFsIGFuZCBwcmFjdGljYWwgaWRlbnRpZmlhYmlsaXR5IGFuYWx5c2lzIG9mIHBhcnRpYWxseTEucGRm0hcLGBlXTlMuZGF0YU8RAk4AAAAAAk4AAgAADE1hY2ludG9zaCBIRAAAAAAAAAAAAAAAAAAAAMq4/xRIKwAAAAXGrB9TdHJ1Y3R1cmFsIGFuZCBwcmFjdGkjNUM2QjQucGRmAAAAAAAAAAAAAAAAAAAAAAAAAAAAAAAAAAAAAAAAAAAABca0yNDR2AAAAAAAAAAAAAQABQAACSAAAAAAAAAAAAAAAAAAAAAEUmF1ZQAQAAgAAMq5N1QAAAARAAgAAMjRChgAAAABABgABcasAAXGEAAFxg8ABcX1AAUewQAAwCMAAgBUTWFjaW50b3NoIEhEOlVzZXJzOgBhcmF1ZToAU2l0ZXM6AHB1YjoAYmlidGV4OgBSYXVlOgBTdHJ1Y3R1cmFsIGFuZCBwcmFjdGkjNUM2QjQucGRmAA4AiABDAFMAdAByAHUAYwB0AHUAcgBhAGwAIABhAG4AZAAgAHAAcgBhAGMAdABpAGMAYQBsACAAaQBkAGUAbgB0AGkAZgBpAGEAYgBpAGwAaQB0AHkAIABhAG4AYQBsAHkAcwBpAHMAIABvAGYAIABwAGEAcgB0AGkAYQBsAGwAeQAxAC4AcABkAGYADwAaAAwATQBhAGMAaQBuAHQAbwBzAGgAIABIAEQAEgBlVXNlcnMvYXJhdWUvU2l0ZXMvcHViL2JpYnRleC9SYXVlL1N0cnVjdHVyYWwgYW5kIHByYWN0aWNhbCBpZGVudGlmaWFiaWxpdHkgYW5hbHlzaXMgb2YgcGFydGlhbGx5MS5wZGYAABMAAS8AABUAAgAM//8AAIAG0hscHR5aJGNsYXNzbmFtZVgkY2xhc3Nlc11OU011dGFibGVEYXRhox0fIFZOU0RhdGFYTlNPYmplY3TSGxwiI1xOU0RpY3Rpb25hcnmiIiBfEA9OU0tleWVkQXJjaGl2ZXLRJidUcm9vdIABAAgAEQAaACMALQAyADcAQABGAE0AVQBgAGcAagBsAG4AcQBzAHUAdwCEAI4A9gD7AQMDVQNXA1wDZwNwA34DggOJA5IDlwOkA6cDuQO8A8EAAAAAAAACAQAAAAAAAAAoAAAAAAAAAAAAAAAAAAADww==}}

@article{Kronfeld:2010fk,
	Author = {Kronfeld, M. and Planatscher, H. and Zell, A.},
	Date-Added = {2015-05-23 01:36:11 +0000},
	Date-Modified = {2015-05-23 01:36:11 +0000},
	Journal = {Learning and Intelligent Optimization},
	Pages = {247--250},
	Publisher = {Springer},
	Title = {The {EvA2} optimization framework},
	Volume = {6073},
	Year = {2010}}

@article{Raue:2012zt,
	Abstract = {Due to the high complexity of biological data it is difficult to disentangle cellular processes relying only on intuitive interpretation of measurements. A Systems Biology approach that combines quantitative experimental data with dynamic mathematical modeling promises to yield deeper insights into these processes. Nevertheless, with growing complexity and increasing amount of quantitative experimental data, building realistic and reliable mathematical models can become a challenging task: the quality of experimental data has to be assessed objectively, unknown model parameters need to be estimated from the experimental data, and numerical calculations need to be precise and efficient.

Here, we discuss, compare and characterize the performance of computational methods throughout the process of quantitative dynamic modeling using two previously established examples, for which quantitative, dose- and time-resolved experimental data are available. In particular, we present an approach that allows to determine the quality of experimental data in an efficient, objective and automated manner. Using this approach data generated by different measurement techniques and even in single replicates can be reliably used for mathematical modeling. For the estimation of unknown model parameters, the performance of different optimization algorithms was compared systematically. Our results show that deterministic derivative-based optimization employing the sensitivity equations in combination with a multi-start strategy based on latin hypercube sampling outperforms the other methods by orders of magnitude in accuracy and speed. Finally, we investigated transformations that yield a more efficient parameterization of the model and therefore lead to a further enhancement in optimization performance. We provide a freely available open source software package that implements the algorithms and examples compared here.},
	Author = {Raue, A and Schilling, M and Bachmann, J and Matteson, A and Schelker, M and Kaschek, D and Hug, S and Kreutz, C and Harms, BD and Theis, F and Klingm{\"u}ller, U and Timmer, J},
	Date-Added = {2015-05-23 01:36:02 +0000},
	Date-Modified = {2015-05-23 01:36:02 +0000},
	Journal = {PLOS ONE},
	Number = {9},
	Pages = {e74335},
	Pdf = {Raue/Lessons Learned from Quantitative Dynamical.pdf},
	Title = {Lessons Learned from Quantitative Dynamical Modeling in Systems Biology},
	Url = {http://www.plosone.org/article/info%3Adoi%2F10.1371%2Fjournal.pone.0074335},
	Volume = {8},
	Year = {2013},
	Bdsk-File-1 = {YnBsaXN0MDDUAQIDBAUGJCVYJHZlcnNpb25YJG9iamVjdHNZJGFyY2hpdmVyVCR0b3ASAAGGoKgHCBMUFRYaIVUkbnVsbNMJCgsMDxJXTlMua2V5c1pOUy5vYmplY3RzViRjbGFzc6INDoACgAOiEBGABIAFgAdccmVsYXRpdmVQYXRoWWFsaWFzRGF0YV8QUS4uLy4uLy4uLy4uL1NpdGVzL3B1Yi9iaWJ0ZXgvUmF1ZS9MZXNzb25zIExlYXJuZWQgZnJvbSBRdWFudGl0YXRpdmUgRHluYW1pY2FsLnBkZtIXCxgZV05TLmRhdGFPEQISAAAAAAISAAIAAAxNYWNpbnRvc2ggSEQAAAAAAAAAAAAAAAAAAADKuP8USCsAAAAFxqwfTGVzc29ucyBMZWFybmVkIGZyb20jNjkzOTlFLnBkZgAAAAAAAAAAAAAAAAAAAAAAAAAAAAAAAAAAAAAAAAAAAGk5ns5xQecAAAAAAAAAAAAEAAUAAAkgAAAAAAAAAAAAAAAAAAAABFJhdWUAEAAIAADKuTdUAAAAEQAIAADOcXonAAAAAQAYAAXGrAAFxhAABcYPAAXF9QAFHsEAAMAjAAIAVE1hY2ludG9zaCBIRDpVc2VyczoAYXJhdWU6AFNpdGVzOgBwdWI6AGJpYnRleDoAUmF1ZToATGVzc29ucyBMZWFybmVkIGZyb20jNjkzOTlFLnBkZgAOAGAALwBMAGUAcwBzAG8AbgBzACAATABlAGEAcgBuAGUAZAAgAGYAcgBvAG0AIABRAHUAYQBuAHQAaQB0AGEAdABpAHYAZQAgAEQAeQBuAGEAbQBpAGMAYQBsAC4AcABkAGYADwAaAAwATQBhAGMAaQBuAHQAbwBzAGgAIABIAEQAEgBRVXNlcnMvYXJhdWUvU2l0ZXMvcHViL2JpYnRleC9SYXVlL0xlc3NvbnMgTGVhcm5lZCBmcm9tIFF1YW50aXRhdGl2ZSBEeW5hbWljYWwucGRmAAATAAEvAAAVAAIADP//AACABtIbHB0eWiRjbGFzc25hbWVYJGNsYXNzZXNdTlNNdXRhYmxlRGF0YaMdHyBWTlNEYXRhWE5TT2JqZWN00hscIiNcTlNEaWN0aW9uYXJ5oiIgXxAPTlNLZXllZEFyY2hpdmVy0SYnVHJvb3SAAQAIABEAGgAjAC0AMgA3AEAARgBNAFUAYABnAGoAbABuAHEAcwB1AHcAhACOAOIA5wDvAwUDBwMMAxcDIAMuAzIDOQNCA0cDVANXA2kDbANxAAAAAAAAAgEAAAAAAAAAKAAAAAAAAAAAAAAAAAAAA3M=}}

@article{Raia:2011vn,
	Abstract = {Primary mediastinal B-cell lymphoma (PMBL) and classical Hodgkin lymphoma (cHL) share a frequent constitutive activation of JAK (Janus kinase)/STAT signaling pathway. Because of complex, nonlinear relations within the pathway, key dynamic properties remained to be identified to predict possible strategies for intervention. We report the development of dynamic pathway models based on quantitative data collected on signaling components of JAK/STAT pathway in two lymphoma-derived cell lines, MedB-1 and L1236, representative of PMBL and cHL, respectively. We show that the amounts of STAT5 and STAT6 are higher whereas those of SHP1 are lower in the two lymphoma cell lines than in normal B cells. Distinctively, L1236 cells harbor more JAK2 and less SHP1 molecules per cell than MedB-1 or control cells. In both lymphoma cell lines, we observe interleukin-13 (IL13)-induced activation of IL4 receptor a, JAK2, and STAT5, but not of STAT6. Genome- wide, 11 early and 16 sustained genes are upregulated by IL13 in both lymphoma cell lines. Specifically, the known STAT-inducible negative regulators CISH and SOCS3 are upregulated within 2 hours in MedB-1 but not in L1236 cells. On the basis of this detailed quantitative information, we established two mathematical models, MedB-1 and L1236 model, able to describe the respective experimental data. Most of the model parameters are identifiable and therefore the models are predictive. Sensitivity analysis of the model identifies six possible therapeutic targets able to reduce gene expression levels in L1236 cells and three in MedB-1. We experimentally confirm reduction in target gene expression in response to inhibition of STAT5 phosphorylation, thereby validating one of the predicted targets. },
	Author = {Raia, V. and Schilling, M. and B{\"o}hm, M. and Hahn, B. and Kowarsch, A. and Raue, A. and Sticht, C. and Bohl, S. and Saile, M. and M{\"o}ller, P. and Gretz, N. and Timmer, J. and Theis, F. and Lehmann, WD. and Lichter, P. and Klingm{\"u}ller, U.},
	Date-Added = {2015-05-23 01:35:50 +0000},
	Date-Modified = {2015-05-23 01:35:50 +0000},
	Journal = {Cancer Research},
	Pages = {693-704},
	Pdf = {Raia/Dynamic Mathematical Modeling of IL13-induced Signaling.pdf},
	Pdfsupplement = {Raia/Dynamic Mathematical Modeling of IL13-induced Signaling0.pdf},
	Title = {Dynamic Mathematical Modeling of {IL13}-induced Signaling in {Hodgkin} and Primary Mediastinal {B}-cell Lymphoma Allows Prediction of Therapeutic Targets},
	Url = {http://cancerres.aacrjournals.org/content/71/3/693},
	Volume = {71},
	Year = {2011},
	Bdsk-File-1 = {YnBsaXN0MDDUAQIDBAUGJCVYJHZlcnNpb25YJG9iamVjdHNZJGFyY2hpdmVyVCR0b3ASAAGGoKgHCBMUFRYaIVUkbnVsbNMJCgsMDxJXTlMua2V5c1pOUy5vYmplY3RzViRjbGFzc6INDoACgAOiEBGABIAFgAdccmVsYXRpdmVQYXRoWWFsaWFzRGF0YV8QXS4uLy4uLy4uLy4uL1NpdGVzL3B1Yi9iaWJ0ZXgvUmFpYS9EeW5hbWljIE1hdGhlbWF0aWNhbCBNb2RlbGluZyBvZiBJTDEzLWluZHVjZWQgU2lnbmFsaW5nLnBkZtIXCxgZV05TLmRhdGFPEQI2AAAAAAI2AAIAAAxNYWNpbnRvc2ggSEQAAAAAAAAAAAAAAAAAAADKuP8USCsAAAAFxqcfRHluYW1pYyBNYXRoZW1hdGljYWwgIzVDNkE4LnBkZgAAAAAAAAAAAAAAAAAAAAAAAAAAAAAAAAAAAAAAAAAAAAXGqMl/3sMAAAAAAAAAAAAEAAUAAAkgAAAAAAAAAAAAAAAAAAAABFJhaWEAEAAIAADKuTdUAAAAEQAIAADJgCUTAAAAAQAYAAXGpwAFxhAABcYPAAXF9QAFHsEAAMAjAAIAVE1hY2ludG9zaCBIRDpVc2VyczoAYXJhdWU6AFNpdGVzOgBwdWI6AGJpYnRleDoAUmFpYToARHluYW1pYyBNYXRoZW1hdGljYWwgIzVDNkE4LnBkZgAOAHgAOwBEAHkAbgBhAG0AaQBjACAATQBhAHQAaABlAG0AYQB0AGkAYwBhAGwAIABNAG8AZABlAGwAaQBuAGcAIABvAGYAIABJAEwAMQAzAC0AaQBuAGQAdQBjAGUAZAAgAFMAaQBnAG4AYQBsAGkAbgBnAC4AcABkAGYADwAaAAwATQBhAGMAaQBuAHQAbwBzAGgAIABIAEQAEgBdVXNlcnMvYXJhdWUvU2l0ZXMvcHViL2JpYnRleC9SYWlhL0R5bmFtaWMgTWF0aGVtYXRpY2FsIE1vZGVsaW5nIG9mIElMMTMtaW5kdWNlZCBTaWduYWxpbmcucGRmAAATAAEvAAAVAAIADP//AACABtIbHB0eWiRjbGFzc25hbWVYJGNsYXNzZXNdTlNNdXRhYmxlRGF0YaMdHyBWTlNEYXRhWE5TT2JqZWN00hscIiNcTlNEaWN0aW9uYXJ5oiIgXxAPTlNLZXllZEFyY2hpdmVy0SYnVHJvb3SAAQAIABEAGgAjAC0AMgA3AEAARgBNAFUAYABnAGoAbABuAHEAcwB1AHcAhACOAO4A8wD7AzUDNwM8A0cDUANeA2IDaQNyA3cDhAOHA5kDnAOhAAAAAAAAAgEAAAAAAAAAKAAAAAAAAAAAAAAAAAAAA6M=},
	Bdsk-File-2 = {YnBsaXN0MDDUAQIDBAUGJCVYJHZlcnNpb25YJG9iamVjdHNZJGFyY2hpdmVyVCR0b3ASAAGGoKgHCBMUFRYaIVUkbnVsbNMJCgsMDxJXTlMua2V5c1pOUy5vYmplY3RzViRjbGFzc6INDoACgAOiEBGABIAFgAdccmVsYXRpdmVQYXRoWWFsaWFzRGF0YV8QXi4uLy4uLy4uLy4uL1NpdGVzL3B1Yi9iaWJ0ZXgvUmFpYS9EeW5hbWljIE1hdGhlbWF0aWNhbCBNb2RlbGluZyBvZiBJTDEzLWluZHVjZWQgU2lnbmFsaW5nMC5wZGbSFwsYGVdOUy5kYXRhTxECOAAAAAACOAACAAAMTWFjaW50b3NoIEhEAAAAAAAAAAAAAAAAAAAAyrj/FEgrAAAABcanH0R5bmFtaWMgTWF0aGVtYXRpY2FsICM1QzZBOS5wZGYAAAAAAAAAAAAAAAAAAAAAAAAAAAAAAAAAAAAAAAAAAAAFxqnJf97TAAAAAAAAAAAABAAFAAAJIAAAAAAAAAAAAAAAAAAAAARSYWlhABAACAAAyrk3VAAAABEACAAAyYAlIwAAAAEAGAAFxqcABcYQAAXGDwAFxfUABR7BAADAIwACAFRNYWNpbnRvc2ggSEQ6VXNlcnM6AGFyYXVlOgBTaXRlczoAcHViOgBiaWJ0ZXg6AFJhaWE6AER5bmFtaWMgTWF0aGVtYXRpY2FsICM1QzZBOS5wZGYADgB6ADwARAB5AG4AYQBtAGkAYwAgAE0AYQB0AGgAZQBtAGEAdABpAGMAYQBsACAATQBvAGQAZQBsAGkAbgBnACAAbwBmACAASQBMADEAMwAtAGkAbgBkAHUAYwBlAGQAIABTAGkAZwBuAGEAbABpAG4AZwAwAC4AcABkAGYADwAaAAwATQBhAGMAaQBuAHQAbwBzAGgAIABIAEQAEgBeVXNlcnMvYXJhdWUvU2l0ZXMvcHViL2JpYnRleC9SYWlhL0R5bmFtaWMgTWF0aGVtYXRpY2FsIE1vZGVsaW5nIG9mIElMMTMtaW5kdWNlZCBTaWduYWxpbmcwLnBkZgATAAEvAAAVAAIADP//AACABtIbHB0eWiRjbGFzc25hbWVYJGNsYXNzZXNdTlNNdXRhYmxlRGF0YaMdHyBWTlNEYXRhWE5TT2JqZWN00hscIiNcTlNEaWN0aW9uYXJ5oiIgXxAPTlNLZXllZEFyY2hpdmVy0SYnVHJvb3SAAQAIABEAGgAjAC0AMgA3AEAARgBNAFUAYABnAGoAbABuAHEAcwB1AHcAhACOAO8A9AD8AzgDOgM/A0oDUwNhA2UDbAN1A3oDhwOKA5wDnwOkAAAAAAAAAgEAAAAAAAAAKAAAAAAAAAAAAAAAAAAAA6Y=}}

@article{Schelker:2012uq,
	Abstract = {Motivation: Cellular information processing can be described mathematically using differential equations. Often, external stimulation of cells by compounds such as drugs or hormones leading to activation has to be considered. Mathematically, the stimulus is represented by a time-dependent input function.
Parameters such as rate constants of the molecular interactions are often unknown and need to be estimated from experimental data, e.g. by maximum likelihood estimation. For this purpose, the input function has to be defined for all times of the integration interval. This is usually achieved by approximating the input by interpolation or smoothing of the measured data. This procedure is suboptimal since the input uncertainties are not considered in the estimation process which often leads to overoptimistic confidence intervals of the inferred parameters and the model dynamics.
Results: This article presents a new approach which includes the input estimation into the estimation process of the dynamical model parameters by minimizing an objective function containing all parameters simultaneously. We applied this comprehensive approach to an illustrative model with simulated data and compared it to alternative methods. Statistical analyses revealed that our method improves the prediction of the model dynamics and the confidence intervals leading to a proper coverage of the confidence intervals of the dynamic parameters. The method was applied to the JAK-STAT signaling pathway.},
	Author = {Schelker, M and Raue, A and Timmer, J and Kreutz, C},
	Date-Added = {2015-05-23 01:35:40 +0000},
	Date-Modified = {2015-05-23 01:35:40 +0000},
	Journal = {Bioinformatics},
	Number = {18},
	Pages = {i522-i528},
	Pdf = {Schelker/Comprehensive estimation of input signals and dynamical.pdf},
	Title = {Comprehensive estimation of input signals and dynamical parameters in biochemical reaction networks},
	Url = {http://bioinformatics.oxfordjournals.org/content/28/18/i529.abstract},
	Volume = {28},
	Year = {2012},
	Bdsk-File-1 = {YnBsaXN0MDDUAQIDBAUGJCVYJHZlcnNpb25YJG9iamVjdHNZJGFyY2hpdmVyVCR0b3ASAAGGoKgHCBMUFRYaIVUkbnVsbNMJCgsMDxJXTlMua2V5c1pOUy5vYmplY3RzViRjbGFzc6INDoACgAOiEBGABIAFgAdccmVsYXRpdmVQYXRoWWFsaWFzRGF0YV8QYS4uLy4uLy4uLy4uL1NpdGVzL3B1Yi9iaWJ0ZXgvU2NoZWxrZXIvQ29tcHJlaGVuc2l2ZSBlc3RpbWF0aW9uIG9mIGlucHV0IHNpZ25hbHMgYW5kIGR5bmFtaWNhbC5wZGbSFwsYGVdOUy5kYXRhTxECQgAAAAACQgACAAAMTWFjaW50b3NoIEhEAAAAAAAAAAAAAAAAAAAAyrj/FEgrAAAALviRH0NvbXByZWhlbnNpdmUgZXN0aW1hIzJFRjcwNy5wZGYAAAAAAAAAAAAAAAAAAAAAAAAAAAAAAAAAAAAAAAAAAAAu9wfMcRhtAAAAAAAAAAAABAAFAAAJIAAAAAAAAAAAAAAAAAAAAAhTY2hlbGtlcgAQAAgAAMq5N1QAAAARAAgAAMxxUK0AAAABABgALviRAAXGEAAFxg8ABcX1AAUewQAAwCMAAgBYTWFjaW50b3NoIEhEOlVzZXJzOgBhcmF1ZToAU2l0ZXM6AHB1YjoAYmlidGV4OgBTY2hlbGtlcjoAQ29tcHJlaGVuc2l2ZSBlc3RpbWEjMkVGNzA3LnBkZgAOAHgAOwBDAG8AbQBwAHIAZQBoAGUAbgBzAGkAdgBlACAAZQBzAHQAaQBtAGEAdABpAG8AbgAgAG8AZgAgAGkAbgBwAHUAdAAgAHMAaQBnAG4AYQBsAHMAIABhAG4AZAAgAGQAeQBuAGEAbQBpAGMAYQBsAC4AcABkAGYADwAaAAwATQBhAGMAaQBuAHQAbwBzAGgAIABIAEQAEgBhVXNlcnMvYXJhdWUvU2l0ZXMvcHViL2JpYnRleC9TY2hlbGtlci9Db21wcmVoZW5zaXZlIGVzdGltYXRpb24gb2YgaW5wdXQgc2lnbmFscyBhbmQgZHluYW1pY2FsLnBkZgAAEwABLwAAFQACAAz//wAAgAbSGxwdHlokY2xhc3NuYW1lWCRjbGFzc2VzXU5TTXV0YWJsZURhdGGjHR8gVk5TRGF0YVhOU09iamVjdNIbHCIjXE5TRGljdGlvbmFyeaIiIF8QD05TS2V5ZWRBcmNoaXZlctEmJ1Ryb290gAEACAARABoAIwAtADIANwBAAEYATQBVAGAAZwBqAGwAbgBxAHMAdQB3AIQAjgDyAPcA/wNFA0cDTANXA2ADbgNyA3kDggOHA5QDlwOpA6wDsQAAAAAAAAIBAAAAAAAAACgAAAAAAAAAAAAAAAAAAAOz}}
