
@article{Hindmarsh2005fb,
author = {Hindmarsh, Alan C and Brown, Peter N and Grant, Keith E and Lee, Steven L and Serban, Radu and Shumaker, Dan E and Woodward, Carol S},
doi = {10.1145/1089014.1089020},
issn = {00983500},
journal = {ACM Transactions on Mathematical Software},
month = {sep},
number = {3},
pages = {363--396},
title = {{SUNDIALS}: Suite of nonlinear and differential/algebraic equation solvers},
volume = {31},
year = {2005}
}

@article{raue2015data2dynamics,
Author = {Raue, A and Steiert, B and Schelker, M and Kreutz, C and Maiwald, T and Hass, H and Vanlier, J and T{\"o}nsing, C and Adlung, L and Engesser, R and Mader, W and Heinemann, T and Hasenauer, J and Schilling, M and H\{"o}fer, T and Klipp, E and Theis, F and Klingm\{"u}ller, U and Sch\{"o}berl, B and Timmer, J},  
Title = {{Data2Dynamics}: a modeling environment tailored to parameter estimation in dynamical systems},
Journal = {Bioinformatics},
Pages = {btv405},
Year = {2015},
Publisher = {Oxford Univ Press}
}

@article{Raue:2012zt,
Author = {Raue, A and Schilling, M and Bachmann, J and Matteson, A and Schelker, M and Kaschek, D and Hug, S and Kreutz, C and Harms, BD and Theis, F and Klingm{\"u}ller, U and Timmer, J},
Journal = {PLOS ONE},
Number = {9},
Pages = {e74335},
Title = {Lessons Learned from Quantitative Dynamical Modeling in Systems Biology},
Volume = {8},
Year = {2013}
}

@article{Raue:2009ec,
Author = {Raue, A and Kreutz, C and Maiwald, T and Bachmann, J and Schilling, M and Klingm{\"u}ller, U and Timmer, J},
Journal = {Bioinformatics},
Number = {15},
Pages = {1923--1929},
Title = {Structural and practical identifiability analysis of partially observed dynamical models by exploiting the profile likelihood},
Volume = {25},
Year = {2009}
}
