%% This BibTeX bibliography file was created using BibDesk.
%% http://bibdesk.sourceforge.net/


%% Created for Andreas at 2015-03-06 19:55:20 -0500 


%% Saved with string encoding Unicode (UTF-8) 



@article{Kanodia:2014fv,
	Abstract = {Background
The Fibroblast Growth Factor (FGF) pathway is driving various aspects of cellular responses in both normal and malignant cells. One interesting characteristic of this pathway is the biphasic nature of the cellular response to some FGF ligands like FGF2. Specifically, it has been shown that phenotypic behaviors controlled by FGF signaling, like migration and growth, reach maximal levels in response to intermediate concentrations, while high levels of FGF2 elicit weak responses. The mechanisms leading to the observed biphasic response remains unexplained.

Results
A combination of experiments and computational modeling was used to understand the mechanism behind the observed biphasic signaling responses. FGF signaling involves a tertiary surface interaction that we captured with a computational model based on Ordinary Differential Equations (ODEs). It accounts for FGF2 binding to FGF receptors (FGFRs) and heparan sulfate glycosaminoglycans (HSGAGs), followed by receptor-phosphorylation, activation of the FRS2 adapter protein and the Ras-Raf signaling cascade. Quantitative protein assays were used to measure the dynamics of phosphorylated ERK (pERK) in response to a wide range of FGF2 ligand concentrations on a fine-grained time scale for the squamous cell lung cancer cell line H1703. We developed a novel approach combining Particle Swarm Optimization (PSO) and feature-based constraints in the objective function to calibrate the computational model to the experimental data. The model is validated using a series of extracellular and intracellular perturbation experiments. We demonstrate that in silico model predictions are in accordance with the observed in vitro results.

Conclusions
Using a combined approach of computational modeling and experiments we found that competition between binding of the ligand FGF2 to HSGAG and FGF receptor leads to the biphasic response. At low to intermediate concentrations of FGF2 there are sufficient free FGF receptors available for the FGF2-HSGAG complex to enable the formation of the trimeric signaling unit. At high ligand concentrations the ligand binding sites of the receptor become saturated and the trimeric signaling unit cannot be formed. This insight into the pathway is an important consideration for the pharmacological inhibition of this pathway.},
	Author = {J Kanodia and D Chai and J Vollmer and J Kim and A Raue and G Finn and B Schoeberl},
	Date-Added = {2015-03-07 00:55:06 +0000},
	Date-Modified = {2015-03-07 00:55:06 +0000},
	Journal = {Cell Communication and Signaling},
	Pages = {34},
	Pdf = {Kanodia/Deciphering the mechanism behind Fibroblast Growth.pdf},
	Pdfsupplement = {Kanodia/Deciphering the mechanism behind Fibroblast Growth1.pdf},
	Title = {Deciphering the mechanism behind Fibroblast Growth Factor ({FGF}) induced biphasic signal-response profiles},
	Url = {http://www.biosignaling.com/content/12/1/34},
	Volume = {12},
	Year = {2014},
	Bdsk-File-1 = {YnBsaXN0MDDUAQIDBAUGJCVYJHZlcnNpb25YJG9iamVjdHNZJGFyY2hpdmVyVCR0b3ASAAGGoKgHCBMUFRYaIVUkbnVsbNMJCgsMDxJXTlMua2V5c1pOUy5vYmplY3RzViRjbGFzc6INDoACgAOiEBGABIAFgAdccmVsYXRpdmVQYXRoWWFsaWFzRGF0YV8QWC4uLy4uLy4uL1NpdGVzL3B1Yi9iaWJ0ZXgvS2Fub2RpYS9EZWNpcGhlcmluZyB0aGUgbWVjaGFuaXNtIGJlaGluZCBGaWJyb2JsYXN0IEdyb3d0aC5wZGbSFwsYGVdOUy5kYXRhTxECMgAAAAACMgACAAAMTWFjaW50b3NoIEhEAAAAAAAAAAAAAAAAAAAAyrj/FEgrAAAAmy3IH0RlY2lwaGVyaW5nIHRoZSBtZWNoIzlCMkQ3OC5wZGYAAAAAAAAAAAAAAAAAAAAAAAAAAAAAAAAAAAAAAAAAAACbLXjPqnw8AAAAAAAAAAAAAwAFAAAJIAAAAAAAAAAAAAAAAAAAAAdLYW5vZGlhAAAQAAgAAMq5N1QAAAARAAgAAM+qtHwAAAABABgAmy3IAAXGEAAFxg8ABcX1AAUewQAAwCMAAgBXTWFjaW50b3NoIEhEOlVzZXJzOgBhcmF1ZToAU2l0ZXM6AHB1YjoAYmlidGV4OgBLYW5vZGlhOgBEZWNpcGhlcmluZyB0aGUgbWVjaCM5QjJENzgucGRmAAAOAG4ANgBEAGUAYwBpAHAAaABlAHIAaQBuAGcAIAB0AGgAZQAgAG0AZQBjAGgAYQBuAGkAcwBtACAAYgBlAGgAaQBuAGQAIABGAGkAYgByAG8AYgBsAGEAcwB0ACAARwByAG8AdwB0AGgALgBwAGQAZgAPABoADABNAGEAYwBpAG4AdABvAHMAaAAgAEgARAASAFtVc2Vycy9hcmF1ZS9TaXRlcy9wdWIvYmlidGV4L0thbm9kaWEvRGVjaXBoZXJpbmcgdGhlIG1lY2hhbmlzbSBiZWhpbmQgRmlicm9ibGFzdCBHcm93dGgucGRmAAATAAEvAAAVAAIADP//AACABtIbHB0eWiRjbGFzc25hbWVYJGNsYXNzZXNdTlNNdXRhYmxlRGF0YaMdHyBWTlNEYXRhWE5TT2JqZWN00hscIiNcTlNEaWN0aW9uYXJ5oiIgXxAPTlNLZXllZEFyY2hpdmVy0SYnVHJvb3SAAQAIABEAGgAjAC0AMgA3AEAARgBNAFUAYABnAGoAbABuAHEAcwB1AHcAhACOAOkA7gD2AywDLgMzAz4DRwNVA1kDYANpA24DewN+A5ADkwOYAAAAAAAAAgEAAAAAAAAAKAAAAAAAAAAAAAAAAAAAA5o=},
	Bdsk-File-2 = {YnBsaXN0MDDUAQIDBAUGJCVYJHZlcnNpb25YJG9iamVjdHNZJGFyY2hpdmVyVCR0b3ASAAGGoKgHCBMUFRYaIVUkbnVsbNMJCgsMDxJXTlMua2V5c1pOUy5vYmplY3RzViRjbGFzc6INDoACgAOiEBGABIAFgAdccmVsYXRpdmVQYXRoWWFsaWFzRGF0YV8QWS4uLy4uLy4uL1NpdGVzL3B1Yi9iaWJ0ZXgvS2Fub2RpYS9EZWNpcGhlcmluZyB0aGUgbWVjaGFuaXNtIGJlaGluZCBGaWJyb2JsYXN0IEdyb3d0aDAucGRm0hcLGBlXTlMuZGF0YU8RAjQAAAAAAjQAAgAADE1hY2ludG9zaCBIRAAAAAAAAAAAAAAAAAAAAMq4/xRIKwAAAJstyB9EZWNpcGhlcmluZyB0aGUgbWVjaCM5QjJEQjkucGRmAAAAAAAAAAAAAAAAAAAAAAAAAAAAAAAAAAAAAAAAAAAAmy25z6p8WQAAAAAAAAAAAAMABQAACSAAAAAAAAAAAAAAAAAAAAAHS2Fub2RpYQAAEAAIAADKuTdUAAAAEQAIAADPqrSZAAAAAQAYAJstyAAFxhAABcYPAAXF9QAFHsEAAMAjAAIAV01hY2ludG9zaCBIRDpVc2VyczoAYXJhdWU6AFNpdGVzOgBwdWI6AGJpYnRleDoAS2Fub2RpYToARGVjaXBoZXJpbmcgdGhlIG1lY2gjOUIyREI5LnBkZgAADgBwADcARABlAGMAaQBwAGgAZQByAGkAbgBnACAAdABoAGUAIABtAGUAYwBoAGEAbgBpAHMAbQAgAGIAZQBoAGkAbgBkACAARgBpAGIAcgBvAGIAbABhAHMAdAAgAEcAcgBvAHcAdABoADAALgBwAGQAZgAPABoADABNAGEAYwBpAG4AdABvAHMAaAAgAEgARAASAFxVc2Vycy9hcmF1ZS9TaXRlcy9wdWIvYmlidGV4L0thbm9kaWEvRGVjaXBoZXJpbmcgdGhlIG1lY2hhbmlzbSBiZWhpbmQgRmlicm9ibGFzdCBHcm93dGgwLnBkZgATAAEvAAAVAAIADP//AACABtIbHB0eWiRjbGFzc25hbWVYJGNsYXNzZXNdTlNNdXRhYmxlRGF0YaMdHyBWTlNEYXRhWE5TT2JqZWN00hscIiNcTlNEaWN0aW9uYXJ5oiIgXxAPTlNLZXllZEFyY2hpdmVy0SYnVHJvb3SAAQAIABEAGgAjAC0AMgA3AEAARgBNAFUAYABnAGoAbABuAHEAcwB1AHcAhACOAOoA7wD3Ay8DMQM2A0EDSgNYA1wDYwNsA3EDfgOBA5MDlgObAAAAAAAAAgEAAAAAAAAAKAAAAAAAAAAAAAAAAAAAA50=},
	Bdsk-File-3 = {YnBsaXN0MDDUAQIDBAUGJCVYJHZlcnNpb25YJG9iamVjdHNZJGFyY2hpdmVyVCR0b3ASAAGGoKgHCBMUFRYaIVUkbnVsbNMJCgsMDxJXTlMua2V5c1pOUy5vYmplY3RzViRjbGFzc6INDoACgAOiEBGABIAFgAdccmVsYXRpdmVQYXRoWWFsaWFzRGF0YV8QWS4uLy4uLy4uL1NpdGVzL3B1Yi9iaWJ0ZXgvS2Fub2RpYS9EZWNpcGhlcmluZyB0aGUgbWVjaGFuaXNtIGJlaGluZCBGaWJyb2JsYXN0IEdyb3d0aDEucGRm0hcLGBlXTlMuZGF0YU8RAjQAAAAAAjQAAgAADE1hY2ludG9zaCBIRAAAAAAAAAAAAAAAAAAAAMq4/xRIKwAAAJstyB9EZWNpcGhlcmluZyB0aGUgbWVjaCM5QjJEQTAucGRmAAAAAAAAAAAAAAAAAAAAAAAAAAAAAAAAAAAAAAAAAAAAmy2gz6p8TwAAAAAAAAAAAAMABQAACSAAAAAAAAAAAAAAAAAAAAAHS2Fub2RpYQAAEAAIAADKuTdUAAAAEQAIAADPqrSPAAAAAQAYAJstyAAFxhAABcYPAAXF9QAFHsEAAMAjAAIAV01hY2ludG9zaCBIRDpVc2VyczoAYXJhdWU6AFNpdGVzOgBwdWI6AGJpYnRleDoAS2Fub2RpYToARGVjaXBoZXJpbmcgdGhlIG1lY2gjOUIyREEwLnBkZgAADgBwADcARABlAGMAaQBwAGgAZQByAGkAbgBnACAAdABoAGUAIABtAGUAYwBoAGEAbgBpAHMAbQAgAGIAZQBoAGkAbgBkACAARgBpAGIAcgBvAGIAbABhAHMAdAAgAEcAcgBvAHcAdABoADEALgBwAGQAZgAPABoADABNAGEAYwBpAG4AdABvAHMAaAAgAEgARAASAFxVc2Vycy9hcmF1ZS9TaXRlcy9wdWIvYmlidGV4L0thbm9kaWEvRGVjaXBoZXJpbmcgdGhlIG1lY2hhbmlzbSBiZWhpbmQgRmlicm9ibGFzdCBHcm93dGgxLnBkZgATAAEvAAAVAAIADP//AACABtIbHB0eWiRjbGFzc25hbWVYJGNsYXNzZXNdTlNNdXRhYmxlRGF0YaMdHyBWTlNEYXRhWE5TT2JqZWN00hscIiNcTlNEaWN0aW9uYXJ5oiIgXxAPTlNLZXllZEFyY2hpdmVy0SYnVHJvb3SAAQAIABEAGgAjAC0AMgA3AEAARgBNAFUAYABnAGoAbABuAHEAcwB1AHcAhACOAOoA7wD3Ay8DMQM2A0EDSgNYA1wDYwNsA3EDfgOBA5MDlgObAAAAAAAAAgEAAAAAAAAAKAAAAAAAAAAAAAAAAAAAA50=},
	Bdsk-File-4 = {YnBsaXN0MDDUAQIDBAUGJCVYJHZlcnNpb25YJG9iamVjdHNZJGFyY2hpdmVyVCR0b3ASAAGGoKgHCBMUFRYaIVUkbnVsbNMJCgsMDxJXTlMua2V5c1pOUy5vYmplY3RzViRjbGFzc6INDoACgAOiEBGABIAFgAdccmVsYXRpdmVQYXRoWWFsaWFzRGF0YV8QWS4uLy4uLy4uL1NpdGVzL3B1Yi9iaWJ0ZXgvS2Fub2RpYS9EZWNpcGhlcmluZyB0aGUgbWVjaGFuaXNtIGJlaGluZCBGaWJyb2JsYXN0IEdyb3d0aDIucGRm0hcLGBlXTlMuZGF0YU8RAjQAAAAAAjQAAgAADE1hY2ludG9zaCBIRAAAAAAAAAAAAAAAAAAAAMq4/xRIKwAAAJstyB9EZWNpcGhlcmluZyB0aGUgbWVjaCM5QjJEQkUucGRmAAAAAAAAAAAAAAAAAAAAAAAAAAAAAAAAAAAAAAAAAAAAmy2+z6p8WgAAAAAAAAAAAAMABQAACSAAAAAAAAAAAAAAAAAAAAAHS2Fub2RpYQAAEAAIAADKuTdUAAAAEQAIAADPqrSaAAAAAQAYAJstyAAFxhAABcYPAAXF9QAFHsEAAMAjAAIAV01hY2ludG9zaCBIRDpVc2VyczoAYXJhdWU6AFNpdGVzOgBwdWI6AGJpYnRleDoAS2Fub2RpYToARGVjaXBoZXJpbmcgdGhlIG1lY2gjOUIyREJFLnBkZgAADgBwADcARABlAGMAaQBwAGgAZQByAGkAbgBnACAAdABoAGUAIABtAGUAYwBoAGEAbgBpAHMAbQAgAGIAZQBoAGkAbgBkACAARgBpAGIAcgBvAGIAbABhAHMAdAAgAEcAcgBvAHcAdABoADIALgBwAGQAZgAPABoADABNAGEAYwBpAG4AdABvAHMAaAAgAEgARAASAFxVc2Vycy9hcmF1ZS9TaXRlcy9wdWIvYmlidGV4L0thbm9kaWEvRGVjaXBoZXJpbmcgdGhlIG1lY2hhbmlzbSBiZWhpbmQgRmlicm9ibGFzdCBHcm93dGgyLnBkZgATAAEvAAAVAAIADP//AACABtIbHB0eWiRjbGFzc25hbWVYJGNsYXNzZXNdTlNNdXRhYmxlRGF0YaMdHyBWTlNEYXRhWE5TT2JqZWN00hscIiNcTlNEaWN0aW9uYXJ5oiIgXxAPTlNLZXllZEFyY2hpdmVy0SYnVHJvb3SAAQAIABEAGgAjAC0AMgA3AEAARgBNAFUAYABnAGoAbABuAHEAcwB1AHcAhACOAOoA7wD3Ay8DMQM2A0EDSgNYA1wDYwNsA3EDfgOBA5MDlgObAAAAAAAAAgEAAAAAAAAAKAAAAAAAAAAAAAAAAAAAA50=}}

@article{Meyer:2014kq,
	Abstract = {Background: Accurate estimation of parameters of biochemical models is required to characterize the dynamics of molecular processes. This problem is intimately linked to identifying the most informative experiments for accomplishing such tasks. While significant progress has been made, effective experimental strategies for parameter identification and for distinguishing among alternative network topologies remain unclear. We approached these questions in an unbiased manner using a unique community-based approach in the context of the DREAM initiative (Dialogue for Reverse Engineering Assessment of Methods). We created an in silico test framework under which participants could probe a network with hidden parameters by requesting a range of experimental assays; results of these experiments were simulated according to a model of network dynamics only partially revealed to participants.
Results: We proposed two challenges; in the first, participants were given the topology and underlying biochemical structure of a 9-gene regulatory network and were asked to determine its parameter values. In the second challenge, participants were given an incomplete topology with 11 genes and asked to find three missing links in the model. In both challenges, a budget was provided to buy experimental data generated in silico with the model and mimicking the features of different common experimental techniques, such as microarrays and fluorescence microscopy. Data could be bought at any stage, allowing participants to implement an iterative loop of experiments and computation.
Conclusions: A total of 19 teams participated in this competition. The results suggest that the combination of state-of- the-art parameter estimation and a varied set of experimental methods using a few datasets, mostly fluorescence imaging data, can accurately determine parameters of biochemical models of gene regulation. However, the task is considerably more difficult if the gene network topology is not completely defined, as in challenge 2. Importantly, we found that aggregating independent parameter predictions and network topology across submissions creates a solution that can be better than the one from the best-performing submission.},
	Author = {Meyer, Pablo and Cokelaer, Thomas and Chandran, Deepak and Kim, Kyung Hyuk and Loh, Po-Ru and Tucker, George and Lipson, Mark and Berger, Bonnie and Kreutz, Clemens and Raue, Andreas and others},
	Date-Added = {2015-03-07 00:54:56 +0000},
	Date-Modified = {2015-03-07 00:54:56 +0000},
	Journal = {BMC Systems Biology},
	Number = {1},
	Pages = {13},
	Pdf = {Meyer/Network topology and parameter estimation from.pdf},
	Publisher = {BioMed Central Ltd},
	Title = {Network topology and parameter estimation: from experimental design methods to gene regulatory network kinetics using a community based approach},
	Url = {http://www.biomedcentral.com/1752-0509/8/13/},
	Volume = {8},
	Year = {2014},
	Bdsk-File-1 = {YnBsaXN0MDDUAQIDBAUGJCVYJHZlcnNpb25YJG9iamVjdHNZJGFyY2hpdmVyVCR0b3ASAAGGoKgHCBMUFRYaIVUkbnVsbNMJCgsMDxJXTlMua2V5c1pOUy5vYmplY3RzViRjbGFzc6INDoACgAOiEBGABIAFgAdccmVsYXRpdmVQYXRoWWFsaWFzRGF0YV8QUi4uLy4uLy4uL1NpdGVzL3B1Yi9iaWJ0ZXgvTWV5ZXIvTmV0d29yayB0b3BvbG9neSBhbmQgcGFyYW1ldGVyIGVzdGltYXRpb24gZnJvbS5wZGbSFwsYGVdOUy5kYXRhTxECIAAAAAACIAACAAAMTWFjaW50b3NoIEhEAAAAAAAAAAAAAAAAAAAAyrj/FEgrAAAAkShvH05ldHdvcmsgdG9wb2xvZ3kgYW5kIzkxMjg1MS5wZGYAAAAAAAAAAAAAAAAAAAAAAAAAAAAAAAAAAAAAAAAAAACRKFHPbf34AAAAAAAAAAAAAwAFAAAJIAAAAAAAAAAAAAAAAAAAAAVNZXllcgAAEAAIAADKuTdUAAAAEQAIAADPbjY4AAAAAQAYAJEobwAFxhAABcYPAAXF9QAFHsEAAMAjAAIAVU1hY2ludG9zaCBIRDpVc2VyczoAYXJhdWU6AFNpdGVzOgBwdWI6AGJpYnRleDoATWV5ZXI6AE5ldHdvcmsgdG9wb2xvZ3kgYW5kIzkxMjg1MS5wZGYAAA4AZgAyAE4AZQB0AHcAbwByAGsAIAB0AG8AcABvAGwAbwBnAHkAIABhAG4AZAAgAHAAYQByAGEAbQBlAHQAZQByACAAZQBzAHQAaQBtAGEAdABpAG8AbgAgAGYAcgBvAG0ALgBwAGQAZgAPABoADABNAGEAYwBpAG4AdABvAHMAaAAgAEgARAASAFVVc2Vycy9hcmF1ZS9TaXRlcy9wdWIvYmlidGV4L01leWVyL05ldHdvcmsgdG9wb2xvZ3kgYW5kIHBhcmFtZXRlciBlc3RpbWF0aW9uIGZyb20ucGRmAAATAAEvAAAVAAIADP//AACABtIbHB0eWiRjbGFzc25hbWVYJGNsYXNzZXNdTlNNdXRhYmxlRGF0YaMdHyBWTlNEYXRhWE5TT2JqZWN00hscIiNcTlNEaWN0aW9uYXJ5oiIgXxAPTlNLZXllZEFyY2hpdmVy0SYnVHJvb3SAAQAIABEAGgAjAC0AMgA3AEAARgBNAFUAYABnAGoAbABuAHEAcwB1AHcAhACOAOMA6ADwAxQDFgMbAyYDLwM9A0EDSANRA1YDYwNmA3gDewOAAAAAAAAAAgEAAAAAAAAAKAAAAAAAAAAAAAAAAAAAA4I=}}

@article{Hug:2012fk,
	Abstract = {In this work we present results of a detailed Bayesian parameter estima- tion for an analysis of ordinary differential equation models. These depend on many unknown parameters that have to be inferred from experimental data. The statistical inference in a high-dimensional parameter space is however conceptually and computationally challenging. To ensure rigorous assess- ment of model and prediction uncertainties we take advantage of both a profile posterior approach and Markov chain Monte Carlo sampling.
We analyzed a dynamical model of the JAK2/STAT5 signal transduc- tion pathway that contains more than one hundred parameters. Using the profile posterior we found that the corresponding posterior distribution is bimodal. To guarantee efficient mixing in the presence of multimodal poste- rior distributions we applied a multi-chain sampling approach. The Bayesian parameter estimation enables the assessment of prediction uncertainties and the design of additional experiments that enhance the explanatory power of the model.},
	Author = {Hug, S and Raue, A and Hasenauer, J and Bachmann, J and Klingm{\"u}ller, U and Timmer, J and Theis, F},
	Date-Added = {2015-03-07 00:54:17 +0000},
	Date-Modified = {2015-03-07 00:54:17 +0000},
	Journal = {Mathematical Biosciences},
	Number = {2},
	Pages = {293--304},
	Pdf = {Hug/High-Dimensional Bayesian Parameter Estimation Case1.pdf},
	Title = {High-Dimensional {Bayesian} Parameter Estimation: Case Study for a Model of {JAK2/\-STAT5} Signaling},
	Url = {http://dx.doi.org/10.1016/j.mbs.2013.04.002},
	Volume = {246},
	Year = {2013},
	Bdsk-File-1 = {YnBsaXN0MDDUAQIDBAUGJCVYJHZlcnNpb25YJG9iamVjdHNZJGFyY2hpdmVyVCR0b3ASAAGGoKgHCBMUFRYaIVUkbnVsbNMJCgsMDxJXTlMua2V5c1pOUy5vYmplY3RzViRjbGFzc6INDoACgAOiEBGABIAFgAdccmVsYXRpdmVQYXRoWWFsaWFzRGF0YV8QVS4uLy4uLy4uL1NpdGVzL3B1Yi9iaWJ0ZXgvSHVnL0hpZ2gtRGltZW5zaW9uYWwgQmF5ZXNpYW4gUGFyYW1ldGVyIEVzdGltYXRpb24gQ2FzZS5wZGbSFwsYGVdOUy5kYXRhTxECKAAAAAACKAACAAAMTWFjaW50b3NoIEhEAAAAAAAAAAAAAAAAAAAAyrj/FEgrAAAAUUfBH0hpZ2gtRGltZW5zaW9uYWwgQmF5IzhDNjNENi5wZGYAAAAAAAAAAAAAAAAAAAAAAAAAAAAAAAAAAAAAAAAAAACMY9bPFkGNAAAAAAAAAAAAAwAFAAAJIAAAAAAAAAAAAAAAAAAAAANIdWcAABAACAAAyrk3VAAAABEACAAAzxaH3QAAAAEAGABRR8EABcYQAAXGDwAFxfUABR7BAADAIwACAFNNYWNpbnRvc2ggSEQ6VXNlcnM6AGFyYXVlOgBTaXRlczoAcHViOgBiaWJ0ZXg6AEh1ZzoASGlnaC1EaW1lbnNpb25hbCBCYXkjOEM2M0Q2LnBkZgAADgBwADcASABpAGcAaAAtAEQAaQBtAGUAbgBzAGkAbwBuAGEAbAAgAEIAYQB5AGUAcwBpAGEAbgAgAFAAYQByAGEAbQBlAHQAZQByACAARQBzAHQAaQBtAGEAdABpAG8AbgAgAEMAYQBzAGUALgBwAGQAZgAPABoADABNAGEAYwBpAG4AdABvAHMAaAAgAEgARAASAFhVc2Vycy9hcmF1ZS9TaXRlcy9wdWIvYmlidGV4L0h1Zy9IaWdoLURpbWVuc2lvbmFsIEJheWVzaWFuIFBhcmFtZXRlciBFc3RpbWF0aW9uIENhc2UucGRmABMAAS8AABUAAgAM//8AAIAG0hscHR5aJGNsYXNzbmFtZVgkY2xhc3Nlc11OU011dGFibGVEYXRhox0fIFZOU0RhdGFYTlNPYmplY3TSGxwiI1xOU0RpY3Rpb25hcnmiIiBfEA9OU0tleWVkQXJjaGl2ZXLRJidUcm9vdIABAAgAEQAaACMALQAyADcAQABGAE0AVQBgAGcAagBsAG4AcQBzAHUAdwCEAI4A5gDrAPMDHwMhAyYDMQM6A0gDTANTA1wDYQNuA3EDgwOGA4sAAAAAAAACAQAAAAAAAAAoAAAAAAAAAAAAAAAAAAADjQ==}}

@article{Vehlow:2012fk,
	Author = {Vehlow, C and Hasenauer, J and Kramer, A and Raue, A and Hug, S and Timmer, J and Radde, N and Theis, FJ and Weiskopf, D},
	Date-Added = {2015-03-07 00:54:05 +0000},
	Date-Modified = {2015-03-07 00:54:05 +0000},
	Journal = {BMC Bioinformatics},
	Number = {Suppl 19},
	Pages = {S2},
	Pdf = {Vehlow/iVUN interactive Visualization of Uncertain biochemical.pdf},
	Title = {{iVUN}: interactive Visualization of Uncertain biochemical reaction Networks},
	Url = {http://www.jbiol.com/1471-2105/14/S19/S2},
	Volume = {14},
	Year = {2013},
	Bdsk-File-1 = {YnBsaXN0MDDUAQIDBAUGJCVYJHZlcnNpb25YJG9iamVjdHNZJGFyY2hpdmVyVCR0b3ASAAGGoKgHCBMUFRYaIVUkbnVsbNMJCgsMDxJXTlMua2V5c1pOUy5vYmplY3RzViRjbGFzc6INDoACgAOiEBGABIAFgAdccmVsYXRpdmVQYXRoWWFsaWFzRGF0YV8QXC4uLy4uLy4uL1NpdGVzL3B1Yi9iaWJ0ZXgvVmVobG93L2lWVU4gaW50ZXJhY3RpdmUgVmlzdWFsaXphdGlvbiBvZiBVbmNlcnRhaW4gYmlvY2hlbWljYWwucGRm0hcLGBlXTlMuZGF0YU8RAjwAAAAAAjwAAgAADE1hY2ludG9zaCBIRAAAAAAAAAAAAAAAAAAAAMq4/xRIKwAAAITwHR9pVlVOIGludGVyYWN0aXZlIFZpcyM4NEVFRDEucGRmAAAAAAAAAAAAAAAAAAAAAAAAAAAAAAAAAAAAAAAAAAAAhO7RzwAMlwAAAAAAAAAAAAMABQAACSAAAAAAAAAAAAAAAAAAAAAGVmVobG93ABAACAAAyrk3VAAAABEACAAAzwBS5wAAAAEAGACE8B0ABcYQAAXGDwAFxfUABR7BAADAIwACAFZNYWNpbnRvc2ggSEQ6VXNlcnM6AGFyYXVlOgBTaXRlczoAcHViOgBiaWJ0ZXg6AFZlaGxvdzoAaVZVTiBpbnRlcmFjdGl2ZSBWaXMjODRFRUQxLnBkZgAOAHgAOwBpAFYAVQBOACAAaQBuAHQAZQByAGEAYwB0AGkAdgBlACAAVgBpAHMAdQBhAGwAaQB6AGEAdABpAG8AbgAgAG8AZgAgAFUAbgBjAGUAcgB0AGEAaQBuACAAYgBpAG8AYwBoAGUAbQBpAGMAYQBsAC4AcABkAGYADwAaAAwATQBhAGMAaQBuAHQAbwBzAGgAIABIAEQAEgBfVXNlcnMvYXJhdWUvU2l0ZXMvcHViL2JpYnRleC9WZWhsb3cvaVZVTiBpbnRlcmFjdGl2ZSBWaXN1YWxpemF0aW9uIG9mIFVuY2VydGFpbiBiaW9jaGVtaWNhbC5wZGYAABMAAS8AABUAAgAM//8AAIAG0hscHR5aJGNsYXNzbmFtZVgkY2xhc3Nlc11OU011dGFibGVEYXRhox0fIFZOU0RhdGFYTlNPYmplY3TSGxwiI1xOU0RpY3Rpb25hcnmiIiBfEA9OU0tleWVkQXJjaGl2ZXLRJidUcm9vdIABAAgAEQAaACMALQAyADcAQABGAE0AVQBgAGcAagBsAG4AcQBzAHUAdwCEAI4A7QDyAPoDOgM8A0EDTANVA2MDZwNuA3cDfAOJA4wDngOhA6YAAAAAAAACAQAAAAAAAAAoAAAAAAAAAAAAAAAAAAADqA==}}

@article{Steiert:2012fk,
	Abstract = {Systems biology aims for building quantitative models to address unresolved issues in molecular biology. In order to describe the behavior of biological cells adequately, gene regulatory networks (GRNs) are intensively investigated. As the validity of models built for GRNs depends crucially on the kinetic rates, various methods have been developed to estimate these parameters from experimental data. For this purpose, it is favorable to choose the experimental conditions yielding maximal information. However, existing experimental design principles often rely on unfulfilled mathematical assumptions or become computationally demanding with growing model complexity. To solve this problem, we combined advanced methods for parameter and uncertainty estimation with experimental design considerations. As a showcase, we optimized three simulated GRNs in one of the challenges from the Dialogue for Reverse Engineering Assessment and Methods (DREAM). This article presents our approach, which was awarded the best performing procedure at the DREAM6 Estimation of Model Parameters challenge. For fast and reliable parameter estimation, local deterministic optimization of the likelihood was applied. We analyzed identifiability and precision of the estimates by calculating the profile likelihood. Furthermore, the profiles provided a way to uncover a selection of most informative experiments, from which the optimal one was chosen using additional criteria at every step of the design process. In conclusion, we provide a strategy for optimal experimental design and show its successful application on three highly nonlinear dynamic models. Although presented in the context of the GRNs to be inferred for the DREAM6 challenge, the approach is generic and applicable to most types of quantitative models in systems biology and other disciplines.},
	Author = {Steiert, B and Raue, A and Timmer, J and Kreutz, C},
	Date-Added = {2015-03-07 00:52:20 +0000},
	Date-Modified = {2015-03-07 00:52:20 +0000},
	Journal = {PLOS ONE},
	Number = {7},
	Pages = {e40052},
	Pdf = {Steiert/Experimental Design for Parameter Estimation of Gene.pdf},
	Title = {Experimental Design for Parameter Estimation of Gene Regulatory Networks},
	Url = {http://www.plosone.org/article/info:doi/10.1371/journal.pone.0040052},
	Volume = {7},
	Year = {2012},
	Bdsk-File-1 = {YnBsaXN0MDDUAQIDBAUGJCVYJHZlcnNpb25YJG9iamVjdHNZJGFyY2hpdmVyVCR0b3ASAAGGoKgHCBMUFRYaIVUkbnVsbNMJCgsMDxJXTlMua2V5c1pOUy5vYmplY3RzViRjbGFzc6INDoACgAOiEBGABIAFgAdccmVsYXRpdmVQYXRoWWFsaWFzRGF0YV8QWi4uLy4uLy4uL1NpdGVzL3B1Yi9iaWJ0ZXgvU3RlaWVydC9FeHBlcmltZW50YWwgRGVzaWduIGZvciBQYXJhbWV0ZXIgRXN0aW1hdGlvbiBvZiBHZW5lLnBkZtIXCxgZV05TLmRhdGFPEQI4AAAAAAI4AAIAAAxNYWNpbnRvc2ggSEQAAAAAAAAAAAAAAAAAAADKuP8USCsAAAApUwkfRXhwZXJpbWVudGFsIERlc2lnbiAjMjk1MjQ2LnBkZgAAAAAAAAAAAAAAAAAAAAAAAAAAAAAAAAAAAAAAAAAAAClSRswp9XoAAAAAAAAAAAADAAUAAAkgAAAAAAAAAAAAAAAAAAAAB1N0ZWllcnQAABAACAAAyrk3VAAAABEACAAAzCotugAAAAEAGAApUwkABcYQAAXGDwAFxfUABR7BAADAIwACAFdNYWNpbnRvc2ggSEQ6VXNlcnM6AGFyYXVlOgBTaXRlczoAcHViOgBiaWJ0ZXg6AFN0ZWllcnQ6AEV4cGVyaW1lbnRhbCBEZXNpZ24gIzI5NTI0Ni5wZGYAAA4AcgA4AEUAeABwAGUAcgBpAG0AZQBuAHQAYQBsACAARABlAHMAaQBnAG4AIABmAG8AcgAgAFAAYQByAGEAbQBlAHQAZQByACAARQBzAHQAaQBtAGEAdABpAG8AbgAgAG8AZgAgAEcAZQBuAGUALgBwAGQAZgAPABoADABNAGEAYwBpAG4AdABvAHMAaAAgAEgARAASAF1Vc2Vycy9hcmF1ZS9TaXRlcy9wdWIvYmlidGV4L1N0ZWllcnQvRXhwZXJpbWVudGFsIERlc2lnbiBmb3IgUGFyYW1ldGVyIEVzdGltYXRpb24gb2YgR2VuZS5wZGYAABMAAS8AABUAAgAM//8AAIAG0hscHR5aJGNsYXNzbmFtZVgkY2xhc3Nlc11OU011dGFibGVEYXRhox0fIFZOU0RhdGFYTlNPYmplY3TSGxwiI1xOU0RpY3Rpb25hcnmiIiBfEA9OU0tleWVkQXJjaGl2ZXLRJidUcm9vdIABAAgAEQAaACMALQAyADcAQABGAE0AVQBgAGcAagBsAG4AcQBzAHUAdwCEAI4A6wDwAPgDNAM2AzsDRgNPA10DYQNoA3EDdgODA4YDmAObA6AAAAAAAAACAQAAAAAAAAAoAAAAAAAAAAAAAAAAAAADog==}}

@article{Schelker:2012uq,
	Abstract = {Motivation: Cellular information processing can be described mathematically using differential equations. Often, external stimulation of cells by compounds such as drugs or hormones leading to activation has to be considered. Mathematically, the stimulus is represented by a time-dependent input function.
Parameters such as rate constants of the molecular interactions are often unknown and need to be estimated from experimental data, e.g. by maximum likelihood estimation. For this purpose, the input function has to be defined for all times of the integration interval. This is usually achieved by approximating the input by interpolation or smoothing of the measured data. This procedure is suboptimal since the input uncertainties are not considered in the estimation process which often leads to overoptimistic confidence intervals of the inferred parameters and the model dynamics.
Results: This article presents a new approach which includes the input estimation into the estimation process of the dynamical model parameters by minimizing an objective function containing all parameters simultaneously. We applied this comprehensive approach to an illustrative model with simulated data and compared it to alternative methods. Statistical analyses revealed that our method improves the prediction of the model dynamics and the confidence intervals leading to a proper coverage of the confidence intervals of the dynamic parameters. The method was applied to the JAK-STAT signaling pathway.},
	Author = {Schelker, M and Raue, A and Timmer, J and Kreutz, C},
	Date-Added = {2015-03-07 00:52:11 +0000},
	Date-Modified = {2015-03-07 00:52:11 +0000},
	Journal = {Bioinformatics},
	Number = {18},
	Pages = {i522-i528},
	Pdf = {Schelker/Comprehensive estimation of input signals and dynamical.pdf},
	Title = {Comprehensive estimation of input signals and dynamical parameters in biochemical reaction networks},
	Url = {http://bioinformatics.oxfordjournals.org/content/28/18/i529.abstract},
	Volume = {28},
	Year = {2012},
	Bdsk-File-1 = {YnBsaXN0MDDUAQIDBAUGJCVYJHZlcnNpb25YJG9iamVjdHNZJGFyY2hpdmVyVCR0b3ASAAGGoKgHCBMUFRYaIVUkbnVsbNMJCgsMDxJXTlMua2V5c1pOUy5vYmplY3RzViRjbGFzc6INDoACgAOiEBGABIAFgAdccmVsYXRpdmVQYXRoWWFsaWFzRGF0YV8QXi4uLy4uLy4uL1NpdGVzL3B1Yi9iaWJ0ZXgvU2NoZWxrZXIvQ29tcHJlaGVuc2l2ZSBlc3RpbWF0aW9uIG9mIGlucHV0IHNpZ25hbHMgYW5kIGR5bmFtaWNhbC5wZGbSFwsYGVdOUy5kYXRhTxECQgAAAAACQgACAAAMTWFjaW50b3NoIEhEAAAAAAAAAAAAAAAAAAAAyrj/FEgrAAAALviRH0NvbXByZWhlbnNpdmUgZXN0aW1hIzJFRjcwNy5wZGYAAAAAAAAAAAAAAAAAAAAAAAAAAAAAAAAAAAAAAAAAAAAu9wfMcRhtAAAAAAAAAAAAAwAFAAAJIAAAAAAAAAAAAAAAAAAAAAhTY2hlbGtlcgAQAAgAAMq5N1QAAAARAAgAAMxxUK0AAAABABgALviRAAXGEAAFxg8ABcX1AAUewQAAwCMAAgBYTWFjaW50b3NoIEhEOlVzZXJzOgBhcmF1ZToAU2l0ZXM6AHB1YjoAYmlidGV4OgBTY2hlbGtlcjoAQ29tcHJlaGVuc2l2ZSBlc3RpbWEjMkVGNzA3LnBkZgAOAHgAOwBDAG8AbQBwAHIAZQBoAGUAbgBzAGkAdgBlACAAZQBzAHQAaQBtAGEAdABpAG8AbgAgAG8AZgAgAGkAbgBwAHUAdAAgAHMAaQBnAG4AYQBsAHMAIABhAG4AZAAgAGQAeQBuAGEAbQBpAGMAYQBsAC4AcABkAGYADwAaAAwATQBhAGMAaQBuAHQAbwBzAGgAIABIAEQAEgBhVXNlcnMvYXJhdWUvU2l0ZXMvcHViL2JpYnRleC9TY2hlbGtlci9Db21wcmVoZW5zaXZlIGVzdGltYXRpb24gb2YgaW5wdXQgc2lnbmFscyBhbmQgZHluYW1pY2FsLnBkZgAAEwABLwAAFQACAAz//wAAgAbSGxwdHlokY2xhc3NuYW1lWCRjbGFzc2VzXU5TTXV0YWJsZURhdGGjHR8gVk5TRGF0YVhOU09iamVjdNIbHCIjXE5TRGljdGlvbmFyeaIiIF8QD05TS2V5ZWRBcmNoaXZlctEmJ1Ryb290gAEACAARABoAIwAtADIANwBAAEYATQBVAGAAZwBqAGwAbgBxAHMAdQB3AIQAjgDvAPQA/ANCA0QDSQNUA10DawNvA3YDfwOEA5EDlAOmA6kDrgAAAAAAAAIBAAAAAAAAACgAAAAAAAAAAAAAAAAAAAOw}}

@article{Kreutz:2013uq,
	Abstract = {Inferring knowledge about biological processes by a mathematical description is a major characteristic of Systems Biology. To understand and predict system's behavior the available experimental information is translated into a mathematical model. Since the availability of experimental data is often limited and measurements contain noise, it is essential to appropriately translate experimental uncertainty to model parameters as well as to model predictions. This is especially important in Systems Biology because typically large and complex models are applied and therefore the limited experimental knowledge might yield weakly specified model components.
Likelihood profiles have been recently suggested and applied in the Systems Biology for as- sessing parameter and prediction uncertainty. In this article, the profile likelihood concept is reviewed and the potential of the approach is demonstrated for a model of the erythropoietin (EPO) receptor.},
	Author = {Kreutz, C and Raue, A and Kaschek, D and Timmer, J},
	Date-Added = {2015-03-07 00:52:01 +0000},
	Date-Modified = {2015-03-07 00:52:01 +0000},
	Journal = {FEBS Journal},
	Number = {11},
	Pages = {2564-2571},
	Pdf = {Kreutz/Profile Likelihood in Systems Biology0.pdf},
	Title = {Profile Likelihood in Systems Biology},
	Url = {http://onlinelibrary.wiley.com/doi/10.1111/febs.12276/full},
	Volume = {280},
	Year = {2013},
	Bdsk-File-1 = {YnBsaXN0MDDUAQIDBAUGJCVYJHZlcnNpb25YJG9iamVjdHNZJGFyY2hpdmVyVCR0b3ASAAGGoKgHCBMUFRYaIVUkbnVsbNMJCgsMDxJXTlMua2V5c1pOUy5vYmplY3RzViRjbGFzc6INDoACgAOiEBGABIAFgAdccmVsYXRpdmVQYXRoWWFsaWFzRGF0YV8QSy4uLy4uLy4uL1NpdGVzL3B1Yi9iaWJ0ZXgvS3JldXR6L1Byb2ZpbGUgTGlrZWxpaG9vZCBpbiBTeXN0ZW1zIEJpb2xvZ3kwLnBkZtIXCxgZV05TLmRhdGFPEQIIAAAAAAIIAAIAAAxNYWNpbnRvc2ggSEQAAAAAAAAAAAAAAAAAAADKuP8USCsAAAAFxnQfUHJvZmlsZSBMaWtlbGlob29kIGkjNTZGQzY1LnBkZgAAAAAAAAAAAAAAAAAAAAAAAAAAAAAAAAAAAAAAAAAAAFb8Zc3h5b0AAAAAAAAAAAADAAUAAAkgAAAAAAAAAAAAAAAAAAAABktyZXV0egAQAAgAAMq5N1QAAAARAAgAAM3iHf0AAAABABgABcZ0AAXGEAAFxg8ABcX1AAUewQAAwCMAAgBWTWFjaW50b3NoIEhEOlVzZXJzOgBhcmF1ZToAU2l0ZXM6AHB1YjoAYmlidGV4OgBLcmV1dHo6AFByb2ZpbGUgTGlrZWxpaG9vZCBpIzU2RkM2NS5wZGYADgBWACoAUAByAG8AZgBpAGwAZQAgAEwAaQBrAGUAbABpAGgAbwBvAGQAIABpAG4AIABTAHkAcwB0AGUAbQBzACAAQgBpAG8AbABvAGcAeQAwAC4AcABkAGYADwAaAAwATQBhAGMAaQBuAHQAbwBzAGgAIABIAEQAEgBOVXNlcnMvYXJhdWUvU2l0ZXMvcHViL2JpYnRleC9LcmV1dHovUHJvZmlsZSBMaWtlbGlob29kIGluIFN5c3RlbXMgQmlvbG9neTAucGRmABMAAS8AABUAAgAM//8AAIAG0hscHR5aJGNsYXNzbmFtZVgkY2xhc3Nlc11OU011dGFibGVEYXRhox0fIFZOU0RhdGFYTlNPYmplY3TSGxwiI1xOU0RpY3Rpb25hcnmiIiBfEA9OU0tleWVkQXJjaGl2ZXLRJidUcm9vdIABAAgAEQAaACMALQAyADcAQABGAE0AVQBgAGcAagBsAG4AcQBzAHUAdwCEAI4A3ADhAOkC9QL3AvwDBwMQAx4DIgMpAzIDNwNEA0cDWQNcA2EAAAAAAAACAQAAAAAAAAAoAAAAAAAAAAAAAAAAAAADYw==}}

@article{Kreutz:2011kx,
	Abstract = {Background
Predicting a system's behavior based on a mathematical model is a primary task in Systems Biology. If the model parameters are estimated from experimental data, the parameter uncertainty has to be translated into confidence intervals for model predictions. For dynamic models of biochemical networks, the nonlinearity in combination with the large number of parameters hampers the calculation of prediction confidence intervals and renders classical approaches as hardly feasible.

Results
In this article reliable confidence intervals are calculated based on the prediction profile likelihood. Such prediction confidence intervals of the dynamic states can be utilized for a data-based observability analysis. The method is also applicable if there are non-identifiable parameters yielding to some insufficiently specified modelpredictions that can be interpreted as non-observability. Moreover, a validation profile likelihood is introduced that should be applied when noisy validation experiments are to be interpreted.

Conclusions
The presented methodology allows the propagation of uncertainty from experimental to model pre-dictions. Although presented in the context of ordinary differential equations, the concept is general and also applicable to other types of models. Matlab code which can be used as a template to implement the method is provided at http://www.fdmold.uni-freiburg.de/~ckreutz/PPL .},
	Author = {Kreutz, C and Raue, A and Timmer, J},
	Date-Added = {2015-03-07 00:51:57 +0000},
	Date-Modified = {2015-03-07 00:51:57 +0000},
	Journal = {BMC Systems Biology},
	Pages = {120},
	Pdf = {Kreutz/Likelihood based observability analysis and confidence0.pdf},
	Title = {Likelihood based observability analysis and confidence intervals for predictions of dynamic models},
	Url = {http://www.biomedcentral.com/1752-0509/6/120/abstract},
	Volume = {6},
	Year = {2012},
	Bdsk-File-1 = {YnBsaXN0MDDUAQIDBAUGJCVYJHZlcnNpb25YJG9iamVjdHNZJGFyY2hpdmVyVCR0b3ASAAGGoKgHCBMUFRYaIVUkbnVsbNMJCgsMDxJXTlMua2V5c1pOUy5vYmplY3RzViRjbGFzc6INDoACgAOiEBGABIAFgAdccmVsYXRpdmVQYXRoWWFsaWFzRGF0YV8QXC4uLy4uLy4uL1NpdGVzL3B1Yi9iaWJ0ZXgvS3JldXR6L0xpa2VsaWhvb2QgYmFzZWQgb2JzZXJ2YWJpbGl0eSBhbmFseXNpcyBhbmQgY29uZmlkZW5jZTAucGRm0hcLGBlXTlMuZGF0YU8RAjwAAAAAAjwAAgAADE1hY2ludG9zaCBIRAAAAAAAAAAAAAAAAAAAAMq4/xRIKwAAAAXGdB9MaWtlbGlob29kIGJhc2VkIG9icyM0Q0UwRjIucGRmAAAAAAAAAAAAAAAAAAAAAAAAAAAAAAAAAAAAAAAAAAAATODyzTjYsQAAAAAAAAAAAAMABQAACSAAAAAAAAAAAAAAAAAAAAAGS3JldXR6ABAACAAAyrk3VAAAABEACAAAzTkfAQAAAAEAGAAFxnQABcYQAAXGDwAFxfUABR7BAADAIwACAFZNYWNpbnRvc2ggSEQ6VXNlcnM6AGFyYXVlOgBTaXRlczoAcHViOgBiaWJ0ZXg6AEtyZXV0ejoATGlrZWxpaG9vZCBiYXNlZCBvYnMjNENFMEYyLnBkZgAOAHgAOwBMAGkAawBlAGwAaQBoAG8AbwBkACAAYgBhAHMAZQBkACAAbwBiAHMAZQByAHYAYQBiAGkAbABpAHQAeQAgAGEAbgBhAGwAeQBzAGkAcwAgAGEAbgBkACAAYwBvAG4AZgBpAGQAZQBuAGMAZQAwAC4AcABkAGYADwAaAAwATQBhAGMAaQBuAHQAbwBzAGgAIABIAEQAEgBfVXNlcnMvYXJhdWUvU2l0ZXMvcHViL2JpYnRleC9LcmV1dHovTGlrZWxpaG9vZCBiYXNlZCBvYnNlcnZhYmlsaXR5IGFuYWx5c2lzIGFuZCBjb25maWRlbmNlMC5wZGYAABMAAS8AABUAAgAM//8AAIAG0hscHR5aJGNsYXNzbmFtZVgkY2xhc3Nlc11OU011dGFibGVEYXRhox0fIFZOU0RhdGFYTlNPYmplY3TSGxwiI1xOU0RpY3Rpb25hcnmiIiBfEA9OU0tleWVkQXJjaGl2ZXLRJidUcm9vdIABAAgAEQAaACMALQAyADcAQABGAE0AVQBgAGcAagBsAG4AcQBzAHUAdwCEAI4A7QDyAPoDOgM8A0EDTANVA2MDZwNuA3cDfAOJA4wDngOhA6YAAAAAAAACAQAAAAAAAAAoAAAAAAAAAAAAAAAAAAADqA==},
	Bdsk-File-2 = {YnBsaXN0MDDUAQIDBAUGJCVYJHZlcnNpb25YJG9iamVjdHNZJGFyY2hpdmVyVCR0b3ASAAGGoKgHCBMUFRYaIVUkbnVsbNMJCgsMDxJXTlMua2V5c1pOUy5vYmplY3RzViRjbGFzc6INDoACgAOiEBGABIAFgAdccmVsYXRpdmVQYXRoWWFsaWFzRGF0YV8QWy4uLy4uLy4uL1NpdGVzL3B1Yi9iaWJ0ZXgvS3JldXR6L0xpa2VsaWhvb2QgYmFzZWQgb2JzZXJ2YWJpbGl0eSBhbmFseXNpcyBhbmQgY29uZmlkZW5jZS5wZGbSFwsYGVdOUy5kYXRhTxECOAAAAAACOAACAAAMTWFjaW50b3NoIEhEAAAAAAAAAAAAAAAAAAAAyrj/FEgrAAAABcZ0H0xpa2VsaWhvb2QgYmFzZWQgb2JzIzJFQ0I2NS5wZGYAAAAAAAAAAAAAAAAAAAAAAAAAAAAAAAAAAAAAAAAAAAAuy2XMbjWPAAAAAAAAAAAAAwAFAAAJIAAAAAAAAAAAAAAAAAAAAAZLcmV1dHoAEAAIAADKuTdUAAAAEQAIAADMbm3PAAAAAQAYAAXGdAAFxhAABcYPAAXF9QAFHsEAAMAjAAIAVk1hY2ludG9zaCBIRDpVc2VyczoAYXJhdWU6AFNpdGVzOgBwdWI6AGJpYnRleDoAS3JldXR6OgBMaWtlbGlob29kIGJhc2VkIG9icyMyRUNCNjUucGRmAA4AdgA6AEwAaQBrAGUAbABpAGgAbwBvAGQAIABiAGEAcwBlAGQAIABvAGIAcwBlAHIAdgBhAGIAaQBsAGkAdAB5ACAAYQBuAGEAbAB5AHMAaQBzACAAYQBuAGQAIABjAG8AbgBmAGkAZABlAG4AYwBlAC4AcABkAGYADwAaAAwATQBhAGMAaQBuAHQAbwBzAGgAIABIAEQAEgBeVXNlcnMvYXJhdWUvU2l0ZXMvcHViL2JpYnRleC9LcmV1dHovTGlrZWxpaG9vZCBiYXNlZCBvYnNlcnZhYmlsaXR5IGFuYWx5c2lzIGFuZCBjb25maWRlbmNlLnBkZgATAAEvAAAVAAIADP//AACABtIbHB0eWiRjbGFzc25hbWVYJGNsYXNzZXNdTlNNdXRhYmxlRGF0YaMdHyBWTlNEYXRhWE5TT2JqZWN00hscIiNcTlNEaWN0aW9uYXJ5oiIgXxAPTlNLZXllZEFyY2hpdmVy0SYnVHJvb3SAAQAIABEAGgAjAC0AMgA3AEAARgBNAFUAYABnAGoAbABuAHEAcwB1AHcAhACOAOwA8QD5AzUDNwM8A0cDUANeA2IDaQNyA3cDhAOHA5kDnAOhAAAAAAAAAgEAAAAAAAAAKAAAAAAAAAAAAAAAAAAAA6M=}}

@article{Raue:2014mz,
	Abstract = {Motivation: Modeling of dynamical systems using ordinary differential equations is a popular approach in the field of Systems Biology. The amount of experimental data that are used to build and calibrate these models is often limited. In this setting, the model parameters may not be uniquely determinable. Structural or a priori identifiability is a prop- erty of the system equations that indicates whether, in principle, the unknown model parameters can be determined from the available data.
Results: We performed a case study using three current approaches for structural identifiability analysis for an application from cell biology. The approaches are conceptually different and are developed inde- pendently. The results of the three approaches are in agreement. We discuss strength and weaknesses of each of them and illustrate how they can be applied to real world problems.},
	Author = {Raue, A and Karlsson, J and Saccomani, MP and Jirstrand, M and Timmer, J},
	Date-Added = {2015-03-07 00:51:40 +0000},
	Date-Modified = {2015-03-07 00:51:40 +0000},
	Journal = {Bioinformatics},
	Number = {10},
	Pages = {1440-1448},
	Title = {Comparison of approaches for parameter identifiability analysis of biological systems},
	Url = {http://bioinformatics.oxfordjournals.org/content/30/10/1440},
	Volume = {30},
	Year = {2014},
	Bdsk-File-1 = {YnBsaXN0MDDUAQIDBAUGJCVYJHZlcnNpb25YJG9iamVjdHNZJGFyY2hpdmVyVCR0b3ASAAGGoKgHCBMUFRYaIVUkbnVsbNMJCgsMDxJXTlMua2V5c1pOUy5vYmplY3RzViRjbGFzc6INDoACgAOiEBGABIAFgAdccmVsYXRpdmVQYXRoWWFsaWFzRGF0YV8QYi4uLy4uLy4uL1NpdGVzL3B1Yi9iaWJ0ZXgvUmF1ZS9Db21wYXJpc29uIG9mIGFwcHJvYWNoZXMgZm9yIHBhcmFtZXRlciBpZGVudGlmaWFiaWxpdHkgYW5hbHlzaXMucGRm0hcLGBlXTlMuZGF0YU8RAk4AAAAAAk4AAgAADE1hY2ludG9zaCBIRAAAAAAAAAAAAAAAAAAAAMq4/xRIKwAAAAXGrB9Db21wYXJpc29uIG9mIGFwcHJvYSM4NzY0MDcucGRmAAAAAAAAAAAAAAAAAAAAAAAAAAAAAAAAAAAAAAAAAAAAh2QHzwfQUAAAAAAAAAAAAAMABQAACSAAAAAAAAAAAAAAAAAAAAAEUmF1ZQAQAAgAAMq5N1QAAAARAAgAAM8IFqAAAAABABgABcasAAXGEAAFxg8ABcX1AAUewQAAwCMAAgBUTWFjaW50b3NoIEhEOlVzZXJzOgBhcmF1ZToAU2l0ZXM6AHB1YjoAYmlidGV4OgBSYXVlOgBDb21wYXJpc29uIG9mIGFwcHJvYSM4NzY0MDcucGRmAA4AiABDAEMAbwBtAHAAYQByAGkAcwBvAG4AIABvAGYAIABhAHAAcAByAG8AYQBjAGgAZQBzACAAZgBvAHIAIABwAGEAcgBhAG0AZQB0AGUAcgAgAGkAZABlAG4AdABpAGYAaQBhAGIAaQBsAGkAdAB5ACAAYQBuAGEAbAB5AHMAaQBzAC4AcABkAGYADwAaAAwATQBhAGMAaQBuAHQAbwBzAGgAIABIAEQAEgBlVXNlcnMvYXJhdWUvU2l0ZXMvcHViL2JpYnRleC9SYXVlL0NvbXBhcmlzb24gb2YgYXBwcm9hY2hlcyBmb3IgcGFyYW1ldGVyIGlkZW50aWZpYWJpbGl0eSBhbmFseXNpcy5wZGYAABMAAS8AABUAAgAM//8AAIAG0hscHR5aJGNsYXNzbmFtZVgkY2xhc3Nlc11OU011dGFibGVEYXRhox0fIFZOU0RhdGFYTlNPYmplY3TSGxwiI1xOU0RpY3Rpb25hcnmiIiBfEA9OU0tleWVkQXJjaGl2ZXLRJidUcm9vdIABAAgAEQAaACMALQAyADcAQABGAE0AVQBgAGcAagBsAG4AcQBzAHUAdwCEAI4A8wD4AQADUgNUA1kDZANtA3sDfwOGA48DlAOhA6QDtgO5A74AAAAAAAACAQAAAAAAAAAoAAAAAAAAAAAAAAAAAAADwA==},
	Bdsk-File-2 = {YnBsaXN0MDDUAQIDBAUGJCVYJHZlcnNpb25YJG9iamVjdHNZJGFyY2hpdmVyVCR0b3ASAAGGoKgHCBMUFRYaIVUkbnVsbNMJCgsMDxJXTlMua2V5c1pOUy5vYmplY3RzViRjbGFzc6INDoACgAOiEBGABIAFgAdccmVsYXRpdmVQYXRoWWFsaWFzRGF0YV8QYy4uLy4uLy4uL1NpdGVzL3B1Yi9iaWJ0ZXgvUmF1ZS9Db21wYXJpc29uIG9mIGFwcHJvYWNoZXMgZm9yIHBhcmFtZXRlciBpZGVudGlmaWFiaWxpdHkgYW5hbHlzaXMwLnBkZtIXCxgZV05TLmRhdGFPEQJQAAAAAAJQAAIAAAxNYWNpbnRvc2ggSEQAAAAAAAAAAAAAAAAAAADKuP8USCsAAAAFxqwfQ29tcGFyaXNvbiBvZiBhcHByb2EjOTEyOTQ0LnBkZgAAAAAAAAAAAAAAAAAAAAAAAAAAAAAAAAAAAAAAAAAAAJEpRM9t/xsAAAAAAAAAAAADAAUAAAkgAAAAAAAAAAAAAAAAAAAABFJhdWUAEAAIAADKuTdUAAAAEQAIAADPbjdbAAAAAQAYAAXGrAAFxhAABcYPAAXF9QAFHsEAAMAjAAIAVE1hY2ludG9zaCBIRDpVc2VyczoAYXJhdWU6AFNpdGVzOgBwdWI6AGJpYnRleDoAUmF1ZToAQ29tcGFyaXNvbiBvZiBhcHByb2EjOTEyOTQ0LnBkZgAOAIoARABDAG8AbQBwAGEAcgBpAHMAbwBuACAAbwBmACAAYQBwAHAAcgBvAGEAYwBoAGUAcwAgAGYAbwByACAAcABhAHIAYQBtAGUAdABlAHIAIABpAGQAZQBuAHQAaQBmAGkAYQBiAGkAbABpAHQAeQAgAGEAbgBhAGwAeQBzAGkAcwAwAC4AcABkAGYADwAaAAwATQBhAGMAaQBuAHQAbwBzAGgAIABIAEQAEgBmVXNlcnMvYXJhdWUvU2l0ZXMvcHViL2JpYnRleC9SYXVlL0NvbXBhcmlzb24gb2YgYXBwcm9hY2hlcyBmb3IgcGFyYW1ldGVyIGlkZW50aWZpYWJpbGl0eSBhbmFseXNpczAucGRmABMAAS8AABUAAgAM//8AAIAG0hscHR5aJGNsYXNzbmFtZVgkY2xhc3Nlc11OU011dGFibGVEYXRhox0fIFZOU0RhdGFYTlNPYmplY3TSGxwiI1xOU0RpY3Rpb25hcnmiIiBfEA9OU0tleWVkQXJjaGl2ZXLRJidUcm9vdIABAAgAEQAaACMALQAyADcAQABGAE0AVQBgAGcAagBsAG4AcQBzAHUAdwCEAI4A9AD5AQEDVQNXA1wDZwNwA34DggOJA5IDlwOkA6cDuQO8A8EAAAAAAAACAQAAAAAAAAAoAAAAAAAAAAAAAAAAAAADww==}}

@article{Raue:2013fk,
	Abstract = {Increasingly complex applications involve large datasets in combination with non-linear and high dimensional mathematical models. In this context, statistical inference is a challenging issue that calls for pragmatic approaches that take advantage of both Bayesian and frequentist methods. The elegance of Bayesian methodology is founded in the propagation of information content provided by experimental data and prior assumptions to the posterior probability distribution of model predictions. However, for complex applications experimental data and prior assumptions potentially constrain the posterior probability distribution insufficiently. In these situations Bayesian Markov chain Monte Carlo sampling can be infeasible. From a frequentist point of view insufficient experimental data and prior assumptions can be interpreted as non-identifiability. The profile likelihood approach offers to detect and to resolve non-identifiability by experimental design iteratively. Therefore, it allows one to better constrain the posterior probability distribution until Markov chain Monte Carlo sampling can be used securely. Using an application from cell biology we compare both methods and show that a successive application of both methods facilitates a realistic assessment of uncertainty in model predictions.},
	Author = {Raue, A. and Kreutz, C. and Theis, F. and Timmer, J.},
	Date-Added = {2015-03-07 00:51:37 +0000},
	Date-Modified = {2015-03-07 00:51:37 +0000},
	Journal = {Phil. Trans. Roy. Soc. A},
	Pages = {20110544},
	Pdf = {Raue/Joining Forces of Bayesian and Frequentist Methodology1.pdf},
	Pdfsupplement = {Raue/Joining Forces of Bayesian and Frequentist Methodology0.pdf},
	Title = {Joining Forces of {Bayesian} and Frequentist Methodology: A Study for Inference in the Presence of Non-Identifiability},
	Url = {http://dx.doi.org/10.1098/rsta.2011.0544},
	Volume = {371},
	Year = {2013},
	Bdsk-File-1 = {YnBsaXN0MDDUAQIDBAUGJCVYJHZlcnNpb25YJG9iamVjdHNZJGFyY2hpdmVyVCR0b3ASAAGGoKgHCBMUFRYaIVUkbnVsbNMJCgsMDxJXTlMua2V5c1pOUy5vYmplY3RzViRjbGFzc6INDoACgAOiEBGABIAFgAdccmVsYXRpdmVQYXRoWWFsaWFzRGF0YV8QWi4uLy4uLy4uL1NpdGVzL3B1Yi9iaWJ0ZXgvUmF1ZS9Kb2luaW5nIEZvcmNlcyBvZiBCYXllc2lhbiBhbmQgRnJlcXVlbnRpc3QgTWV0aG9kb2xvZ3kxLnBkZtIXCxgZV05TLmRhdGFPEQI2AAAAAAI2AAIAAAxNYWNpbnRvc2ggSEQAAAAAAAAAAAAAAAAAAADKuP8USCsAAAAFxqwfSm9pbmluZyBGb3JjZXMgb2YgQmEjNEM3RTAxLnBkZgAAAAAAAAAAAAAAAAAAAAAAAAAAAAAAAAAAAAAAAAAAAEx+Ac0ImLgAAAAAAAAAAAADAAUAAAkgAAAAAAAAAAAAAAAAAAAABFJhdWUAEAAIAADKuTdUAAAAEQAIAADNCN8IAAAAAQAYAAXGrAAFxhAABcYPAAXF9QAFHsEAAMAjAAIAVE1hY2ludG9zaCBIRDpVc2VyczoAYXJhdWU6AFNpdGVzOgBwdWI6AGJpYnRleDoAUmF1ZToASm9pbmluZyBGb3JjZXMgb2YgQmEjNEM3RTAxLnBkZgAOAHgAOwBKAG8AaQBuAGkAbgBnACAARgBvAHIAYwBlAHMAIABvAGYAIABCAGEAeQBlAHMAaQBhAG4AIABhAG4AZAAgAEYAcgBlAHEAdQBlAG4AdABpAHMAdAAgAE0AZQB0AGgAbwBkAG8AbABvAGcAeQAxAC4AcABkAGYADwAaAAwATQBhAGMAaQBuAHQAbwBzAGgAIABIAEQAEgBdVXNlcnMvYXJhdWUvU2l0ZXMvcHViL2JpYnRleC9SYXVlL0pvaW5pbmcgRm9yY2VzIG9mIEJheWVzaWFuIGFuZCBGcmVxdWVudGlzdCBNZXRob2RvbG9neTEucGRmAAATAAEvAAAVAAIADP//AACABtIbHB0eWiRjbGFzc25hbWVYJGNsYXNzZXNdTlNNdXRhYmxlRGF0YaMdHyBWTlNEYXRhWE5TT2JqZWN00hscIiNcTlNEaWN0aW9uYXJ5oiIgXxAPTlNLZXllZEFyY2hpdmVy0SYnVHJvb3SAAQAIABEAGgAjAC0AMgA3AEAARgBNAFUAYABnAGoAbABuAHEAcwB1AHcAhACOAOsA8AD4AzIDNAM5A0QDTQNbA18DZgNvA3QDgQOEA5YDmQOeAAAAAAAAAgEAAAAAAAAAKAAAAAAAAAAAAAAAAAAAA6A=},
	Bdsk-File-2 = {YnBsaXN0MDDUAQIDBAUGJCVYJHZlcnNpb25YJG9iamVjdHNZJGFyY2hpdmVyVCR0b3ASAAGGoKgHCBMUFRYaIVUkbnVsbNMJCgsMDxJXTlMua2V5c1pOUy5vYmplY3RzViRjbGFzc6INDoACgAOiEBGABIAFgAdccmVsYXRpdmVQYXRoWWFsaWFzRGF0YV8QWS4uLy4uLy4uL1NpdGVzL3B1Yi9iaWJ0ZXgvUmF1ZS9Kb2luaW5nIEZvcmNlcyBvZiBCYXllc2lhbiBhbmQgRnJlcXVlbnRpc3QgTWV0aG9kb2xvZ3kucGRm0hcLGBlXTlMuZGF0YU8RAjIAAAAAAjIAAgAADE1hY2ludG9zaCBIRAAAAAAAAAAAAAAAAAAAAMq4/xRIKwAAAAXGrB9Kb2luaW5nIEZvcmNlcyBvZiBCYSMyREU2OEIucGRmAAAAAAAAAAAAAAAAAAAAAAAAAAAAAAAAAAAAAAAAAAAALeaLzFp0IQAAAAAAAAAAAAMABQAACSAAAAAAAAAAAAAAAAAAAAAEUmF1ZQAQAAgAAMq5N1QAAAARAAgAAMxarGEAAAABABgABcasAAXGEAAFxg8ABcX1AAUewQAAwCMAAgBUTWFjaW50b3NoIEhEOlVzZXJzOgBhcmF1ZToAU2l0ZXM6AHB1YjoAYmlidGV4OgBSYXVlOgBKb2luaW5nIEZvcmNlcyBvZiBCYSMyREU2OEIucGRmAA4AdgA6AEoAbwBpAG4AaQBuAGcAIABGAG8AcgBjAGUAcwAgAG8AZgAgAEIAYQB5AGUAcwBpAGEAbgAgAGEAbgBkACAARgByAGUAcQB1AGUAbgB0AGkAcwB0ACAATQBlAHQAaABvAGQAbwBsAG8AZwB5AC4AcABkAGYADwAaAAwATQBhAGMAaQBuAHQAbwBzAGgAIABIAEQAEgBcVXNlcnMvYXJhdWUvU2l0ZXMvcHViL2JpYnRleC9SYXVlL0pvaW5pbmcgRm9yY2VzIG9mIEJheWVzaWFuIGFuZCBGcmVxdWVudGlzdCBNZXRob2RvbG9neS5wZGYAEwABLwAAFQACAAz//wAAgAbSGxwdHlokY2xhc3NuYW1lWCRjbGFzc2VzXU5TTXV0YWJsZURhdGGjHR8gVk5TRGF0YVhOU09iamVjdNIbHCIjXE5TRGljdGlvbmFyeaIiIF8QD05TS2V5ZWRBcmNoaXZlctEmJ1Ryb290gAEACAARABoAIwAtADIANwBAAEYATQBVAGAAZwBqAGwAbgBxAHMAdQB3AIQAjgDqAO8A9wMtAy8DNAM/A0gDVgNaA2EDagNvA3wDfwORA5QDmQAAAAAAAAIBAAAAAAAAACgAAAAAAAAAAAAAAAAAAAOb},
	Bdsk-File-3 = {YnBsaXN0MDDUAQIDBAUGJCVYJHZlcnNpb25YJG9iamVjdHNZJGFyY2hpdmVyVCR0b3ASAAGGoKgHCBMUFRYaIVUkbnVsbNMJCgsMDxJXTlMua2V5c1pOUy5vYmplY3RzViRjbGFzc6INDoACgAOiEBGABIAFgAdccmVsYXRpdmVQYXRoWWFsaWFzRGF0YV8QWi4uLy4uLy4uL1NpdGVzL3B1Yi9iaWJ0ZXgvUmF1ZS9Kb2luaW5nIEZvcmNlcyBvZiBCYXllc2lhbiBhbmQgRnJlcXVlbnRpc3QgTWV0aG9kb2xvZ3kwLnBkZtIXCxgZV05TLmRhdGFPEQI2AAAAAAI2AAIAAAxNYWNpbnRvc2ggSEQAAAAAAAAAAAAAAAAAAADKuP8USCsAAAAFxqwfSm9pbmluZyBGb3JjZXMgb2YgQmEjMkRFNjhDLnBkZgAAAAAAAAAAAAAAAAAAAAAAAAAAAAAAAAAAAAAAAAAAAC3mjMxadCEAAAAAAAAAAAADAAUAAAkgAAAAAAAAAAAAAAAAAAAABFJhdWUAEAAIAADKuTdUAAAAEQAIAADMWqxhAAAAAQAYAAXGrAAFxhAABcYPAAXF9QAFHsEAAMAjAAIAVE1hY2ludG9zaCBIRDpVc2VyczoAYXJhdWU6AFNpdGVzOgBwdWI6AGJpYnRleDoAUmF1ZToASm9pbmluZyBGb3JjZXMgb2YgQmEjMkRFNjhDLnBkZgAOAHgAOwBKAG8AaQBuAGkAbgBnACAARgBvAHIAYwBlAHMAIABvAGYAIABCAGEAeQBlAHMAaQBhAG4AIABhAG4AZAAgAEYAcgBlAHEAdQBlAG4AdABpAHMAdAAgAE0AZQB0AGgAbwBkAG8AbABvAGcAeQAwAC4AcABkAGYADwAaAAwATQBhAGMAaQBuAHQAbwBzAGgAIABIAEQAEgBdVXNlcnMvYXJhdWUvU2l0ZXMvcHViL2JpYnRleC9SYXVlL0pvaW5pbmcgRm9yY2VzIG9mIEJheWVzaWFuIGFuZCBGcmVxdWVudGlzdCBNZXRob2RvbG9neTAucGRmAAATAAEvAAAVAAIADP//AACABtIbHB0eWiRjbGFzc25hbWVYJGNsYXNzZXNdTlNNdXRhYmxlRGF0YaMdHyBWTlNEYXRhWE5TT2JqZWN00hscIiNcTlNEaWN0aW9uYXJ5oiIgXxAPTlNLZXllZEFyY2hpdmVy0SYnVHJvb3SAAQAIABEAGgAjAC0AMgA3AEAARgBNAFUAYABnAGoAbABuAHEAcwB1AHcAhACOAOsA8AD4AzIDNAM5A0QDTQNbA18DZgNvA3QDgQOEA5YDmQOeAAAAAAAAAgEAAAAAAAAAKAAAAAAAAAAAAAAAAAAAA6A=},
	Bdsk-Url-1 = {http://arxiv.org/abs/1202.4605}}

@article{Raue:2012zt,
	Abstract = {Due to the high complexity of biological data it is difficult to disentangle cellular processes relying only on intuitive interpretation of measurements. A Systems Biology approach that combines quantitative experimental data with dynamic mathematical modeling promises to yield deeper insights into these processes. Nevertheless, with growing complexity and increasing amount of quantitative experimental data, building realistic and reliable mathematical models can become a challenging task: the quality of experimental data has to be assessed objectively, unknown model parameters need to be estimated from the experimental data, and numerical calculations need to be precise and efficient.

Here, we discuss, compare and characterize the performance of computational methods throughout the process of quantitative dynamic modeling using two previously established examples, for which quantitative, dose- and time-resolved experimental data are available. In particular, we present an approach that allows to determine the quality of experimental data in an efficient, objective and automated manner. Using this approach data generated by different measurement techniques and even in single replicates can be reliably used for mathematical modeling. For the estimation of unknown model parameters, the performance of different optimization algorithms was compared systematically. Our results show that deterministic derivative-based optimization employing the sensitivity equations in combination with a multi-start strategy based on latin hypercube sampling outperforms the other methods by orders of magnitude in accuracy and speed. Finally, we investigated transformations that yield a more efficient parameterization of the model and therefore lead to a further enhancement in optimization performance. We provide a freely available open source software package that implements the algorithms and examples compared here.},
	Author = {Raue, A and Schilling, M and Bachmann, J and Matteson, A and Schelker, M and Kaschek, D and Hug, S and Kreutz, C and Harms, BD and Theis, F and Klingm{\"u}ller, U and Timmer, J},
	Date-Added = {2015-03-07 00:51:34 +0000},
	Date-Modified = {2015-03-07 00:51:34 +0000},
	Journal = {PLOS ONE},
	Number = {9},
	Pages = {e74335},
	Pdf = {Raue/Lessons Learned from Quantitative Dynamical.pdf},
	Title = {Lessons Learned from Quantitative Dynamical Modeling in Systems Biology},
	Url = {http://www.plosone.org/article/info%3Adoi%2F10.1371%2Fjournal.pone.0074335},
	Volume = {8},
	Year = {2013},
	Bdsk-File-1 = {YnBsaXN0MDDUAQIDBAUGJCVYJHZlcnNpb25YJG9iamVjdHNZJGFyY2hpdmVyVCR0b3ASAAGGoKgHCBMUFRYaIVUkbnVsbNMJCgsMDxJXTlMua2V5c1pOUy5vYmplY3RzViRjbGFzc6INDoACgAOiEBGABIAFgAdccmVsYXRpdmVQYXRoWWFsaWFzRGF0YV8QTi4uLy4uLy4uL1NpdGVzL3B1Yi9iaWJ0ZXgvUmF1ZS9MZXNzb25zIExlYXJuZWQgZnJvbSBRdWFudGl0YXRpdmUgRHluYW1pY2FsLnBkZtIXCxgZV05TLmRhdGFPEQISAAAAAAISAAIAAAxNYWNpbnRvc2ggSEQAAAAAAAAAAAAAAAAAAADKuP8USCsAAAAFxqwfTGVzc29ucyBMZWFybmVkIGZyb20jNjkzOTlFLnBkZgAAAAAAAAAAAAAAAAAAAAAAAAAAAAAAAAAAAAAAAAAAAGk5ns5xQecAAAAAAAAAAAADAAUAAAkgAAAAAAAAAAAAAAAAAAAABFJhdWUAEAAIAADKuTdUAAAAEQAIAADOcXonAAAAAQAYAAXGrAAFxhAABcYPAAXF9QAFHsEAAMAjAAIAVE1hY2ludG9zaCBIRDpVc2VyczoAYXJhdWU6AFNpdGVzOgBwdWI6AGJpYnRleDoAUmF1ZToATGVzc29ucyBMZWFybmVkIGZyb20jNjkzOTlFLnBkZgAOAGAALwBMAGUAcwBzAG8AbgBzACAATABlAGEAcgBuAGUAZAAgAGYAcgBvAG0AIABRAHUAYQBuAHQAaQB0AGEAdABpAHYAZQAgAEQAeQBuAGEAbQBpAGMAYQBsAC4AcABkAGYADwAaAAwATQBhAGMAaQBuAHQAbwBzAGgAIABIAEQAEgBRVXNlcnMvYXJhdWUvU2l0ZXMvcHViL2JpYnRleC9SYXVlL0xlc3NvbnMgTGVhcm5lZCBmcm9tIFF1YW50aXRhdGl2ZSBEeW5hbWljYWwucGRmAAATAAEvAAAVAAIADP//AACABtIbHB0eWiRjbGFzc25hbWVYJGNsYXNzZXNdTlNNdXRhYmxlRGF0YaMdHyBWTlNEYXRhWE5TT2JqZWN00hscIiNcTlNEaWN0aW9uYXJ5oiIgXxAPTlNLZXllZEFyY2hpdmVy0SYnVHJvb3SAAQAIABEAGgAjAC0AMgA3AEAARgBNAFUAYABnAGoAbABuAHEAcwB1AHcAhACOAN8A5ADsAwIDBAMJAxQDHQMrAy8DNgM/A0QDUQNUA2YDaQNuAAAAAAAAAgEAAAAAAAAAKAAAAAAAAAAAAAAAAAAAA3A=}}

@article{Raue:2010ys,
	Abstract = {Mathematical description of biological processes such as gene regulatory networks or signalling pathways by dynamic models utilising ordinary differential equations faces challenges if the model parameters like rate constants are estimated from incomplete and noisy experimental data. Typically, biological networks are only partially observed. Only a fraction of the modelled molecular species is measurable directly. This can result in structurally non-identifiable model parameters. Furthermore, practical non-identifiability can arise from limited amount and quality of experimental data. In the challenge of growing model complexity on one side, and experimental limitations on the other side, both types of non-identifiability arise frequently in systems biological applications often prohibiting reliable prediction of system dynamics. On theoretical grounds this article summarises how and why both types of non-identifiability arise. It exemplifies pitfalls where models do not yield reliable predictions of system dynamics because of non-identifiabilities. Subsequently, several approaches for identifiability analysis proposed in the literature are discussed. The aim is to provide an overview of applicable methods for detecting parameter identifiability issues. Once non-identifiability is detected, it can be resolved either by experimental design, measuring additional data under suitable conditions; or by model reduction, tailoring the size of the model to the information content provided by the experimental data. Both strategies enhance model predictability and will be elucidated by an example application.},
	Author = {Raue, A. and Kreutz, C. and Maiwald, T. and Klingm{\"u}ller, U. and Timmer, J.},
	Date-Added = {2015-03-07 00:51:31 +0000},
	Date-Modified = {2015-03-07 00:51:31 +0000},
	Journal = {IET Systems Biology},
	Number = {2},
	Pages = {120-130},
	Pdf = {Raue/Addressing Parameter Identifiability by Model-Based Experimentation.pdf},
	Pdfsupplement = {Raue/Addressing Parameter Identifiability by Model-Based Experimentation0.pdf},
	Title = {Addressing Parameter Identifiability by Model-Based Experimentation},
	Url = {http://dx.doi.org/10.1049/iet-syb.2010.0061},
	Volume = {5},
	Year = {2011},
	Bdsk-File-1 = {YnBsaXN0MDDUAQIDBAUGJCVYJHZlcnNpb25YJG9iamVjdHNZJGFyY2hpdmVyVCR0b3ASAAGGoKgHCBMUFRYaIVUkbnVsbNMJCgsMDxJXTlMua2V5c1pOUy5vYmplY3RzViRjbGFzc6INDoACgAOiEBGABIAFgAdccmVsYXRpdmVQYXRoWWFsaWFzRGF0YV8QZi4uLy4uLy4uL1NpdGVzL3B1Yi9iaWJ0ZXgvUmF1ZS9BZGRyZXNzaW5nIFBhcmFtZXRlciBJZGVudGlmaWFiaWxpdHkgYnkgTW9kZWwtQmFzZWQgRXhwZXJpbWVudGF0aW9uLnBkZtIXCxgZV05TLmRhdGFPEQJaAAAAAAJaAAIAAAxNYWNpbnRvc2ggSEQAAAAAAAAAAAAAAAAAAADKuP8USCsAAAAFxqwfQWRkcmVzc2luZyBQYXJhbWV0ZXIgIzVDNkFELnBkZgAAAAAAAAAAAAAAAAAAAAAAAAAAAAAAAAAAAAAAAAAAAAXGrcmwnyEAAAAAAAAAAAADAAUAAAkgAAAAAAAAAAAAAAAAAAAABFJhdWUAEAAIAADKuTdUAAAAEQAIAADJsNdhAAAAAQAYAAXGrAAFxhAABcYPAAXF9QAFHsEAAMAjAAIAVE1hY2ludG9zaCBIRDpVc2VyczoAYXJhdWU6AFNpdGVzOgBwdWI6AGJpYnRleDoAUmF1ZToAQWRkcmVzc2luZyBQYXJhbWV0ZXIgIzVDNkFELnBkZgAOAJAARwBBAGQAZAByAGUAcwBzAGkAbgBnACAAUABhAHIAYQBtAGUAdABlAHIAIABJAGQAZQBuAHQAaQBmAGkAYQBiAGkAbABpAHQAeQAgAGIAeQAgAE0AbwBkAGUAbAAtAEIAYQBzAGUAZAAgAEUAeABwAGUAcgBpAG0AZQBuAHQAYQB0AGkAbwBuAC4AcABkAGYADwAaAAwATQBhAGMAaQBuAHQAbwBzAGgAIABIAEQAEgBpVXNlcnMvYXJhdWUvU2l0ZXMvcHViL2JpYnRleC9SYXVlL0FkZHJlc3NpbmcgUGFyYW1ldGVyIElkZW50aWZpYWJpbGl0eSBieSBNb2RlbC1CYXNlZCBFeHBlcmltZW50YXRpb24ucGRmAAATAAEvAAAVAAIADP//AACABtIbHB0eWiRjbGFzc25hbWVYJGNsYXNzZXNdTlNNdXRhYmxlRGF0YaMdHyBWTlNEYXRhWE5TT2JqZWN00hscIiNcTlNEaWN0aW9uYXJ5oiIgXxAPTlNLZXllZEFyY2hpdmVy0SYnVHJvb3SAAQAIABEAGgAjAC0AMgA3AEAARgBNAFUAYABnAGoAbABuAHEAcwB1AHcAhACOAPcA/AEEA2IDZANpA3QDfQOLA48DlgOfA6QDsQO0A8YDyQPOAAAAAAAAAgEAAAAAAAAAKAAAAAAAAAAAAAAAAAAAA9A=},
	Bdsk-File-2 = {YnBsaXN0MDDUAQIDBAUGJCVYJHZlcnNpb25YJG9iamVjdHNZJGFyY2hpdmVyVCR0b3ASAAGGoKgHCBMUFRYaIVUkbnVsbNMJCgsMDxJXTlMua2V5c1pOUy5vYmplY3RzViRjbGFzc6INDoACgAOiEBGABIAFgAdccmVsYXRpdmVQYXRoWWFsaWFzRGF0YV8QZy4uLy4uLy4uL1NpdGVzL3B1Yi9iaWJ0ZXgvUmF1ZS9BZGRyZXNzaW5nIFBhcmFtZXRlciBJZGVudGlmaWFiaWxpdHkgYnkgTW9kZWwtQmFzZWQgRXhwZXJpbWVudGF0aW9uMC5wZGbSFwsYGVdOUy5kYXRhTxECXAAAAAACXAACAAAMTWFjaW50b3NoIEhEAAAAAAAAAAAAAAAAAAAAyrj/FEgrAAAABcasH0FkZHJlc3NpbmcgUGFyYW1ldGVyICM1QzZBRS5wZGYAAAAAAAAAAAAAAAAAAAAAAAAAAAAAAAAAAAAAAAAAAAAFxq7JsJ8gAAAAAAAAAAAAAwAFAAAJIAAAAAAAAAAAAAAAAAAAAARSYXVlABAACAAAyrk3VAAAABEACAAAybDXYAAAAAEAGAAFxqwABcYQAAXGDwAFxfUABR7BAADAIwACAFRNYWNpbnRvc2ggSEQ6VXNlcnM6AGFyYXVlOgBTaXRlczoAcHViOgBiaWJ0ZXg6AFJhdWU6AEFkZHJlc3NpbmcgUGFyYW1ldGVyICM1QzZBRS5wZGYADgCSAEgAQQBkAGQAcgBlAHMAcwBpAG4AZwAgAFAAYQByAGEAbQBlAHQAZQByACAASQBkAGUAbgB0AGkAZgBpAGEAYgBpAGwAaQB0AHkAIABiAHkAIABNAG8AZABlAGwALQBCAGEAcwBlAGQAIABFAHgAcABlAHIAaQBtAGUAbgB0AGEAdABpAG8AbgAwAC4AcABkAGYADwAaAAwATQBhAGMAaQBuAHQAbwBzAGgAIABIAEQAEgBqVXNlcnMvYXJhdWUvU2l0ZXMvcHViL2JpYnRleC9SYXVlL0FkZHJlc3NpbmcgUGFyYW1ldGVyIElkZW50aWZpYWJpbGl0eSBieSBNb2RlbC1CYXNlZCBFeHBlcmltZW50YXRpb24wLnBkZgATAAEvAAAVAAIADP//AACABtIbHB0eWiRjbGFzc25hbWVYJGNsYXNzZXNdTlNNdXRhYmxlRGF0YaMdHyBWTlNEYXRhWE5TT2JqZWN00hscIiNcTlNEaWN0aW9uYXJ5oiIgXxAPTlNLZXllZEFyY2hpdmVy0SYnVHJvb3SAAQAIABEAGgAjAC0AMgA3AEAARgBNAFUAYABnAGoAbABuAHEAcwB1AHcAhACOAPgA/QEFA2UDZwNsA3cDgAOOA5IDmQOiA6cDtAO3A8kDzAPRAAAAAAAAAgEAAAAAAAAAKAAAAAAAAAAAAAAAAAAAA9M=}}

@article{Raue:2010fk,
	Abstract = {Dynamical models of cellular processes promise to yield new insights into the underlying systems and their biological interpretation. The processes are usually nonlinear, high dimensional, and time-resolved experimental data of the processes are sparse. Therefore, parameter estimation faces the challenges of structural and practical nonidentifiability. Nonidentifiability of parameters induces nonobservability of trajectories, reducing the predictive power of the model. We will discuss a generic approach for nonlinear models that allows for identifiability and observability analysis by means of a realistic example from systems biology. The results will be utilized to design new experiments that enhance model predictiveness, illustrating the iterative cycle between modeling and experimentation in systems biology.},
	Author = {Raue, A and Becker, V and Klingm{\"u}ller, U and Timmer, J},
	Date-Added = {2015-03-07 00:51:29 +0000},
	Date-Modified = {2015-03-07 00:51:29 +0000},
	Journal = {Chaos},
	Number = {4},
	Pages = {045105},
	Pdf = {Raue/Identifiability and Observability Analysis for Experimental Design.pdf},
	Title = {Identifiability and Observability Analysis for Experimental Design in Non-Linear Dynamical Models},
	Url = {http://link.aip.org/link/?CHA/20/045105},
	Volume = {20},
	Year = {2010},
	Bdsk-File-1 = {YnBsaXN0MDDUAQIDBAUGJCVYJHZlcnNpb25YJG9iamVjdHNZJGFyY2hpdmVyVCR0b3ASAAGGoKgHCBMUFRYaIVUkbnVsbNMJCgsMDxJXTlMua2V5c1pOUy5vYmplY3RzViRjbGFzc6INDoACgAOiEBGABIAFgAdccmVsYXRpdmVQYXRoWWFsaWFzRGF0YV8QZS4uLy4uLy4uL1NpdGVzL3B1Yi9iaWJ0ZXgvUmF1ZS9JZGVudGlmaWFiaWxpdHkgYW5kIE9ic2VydmFiaWxpdHkgQW5hbHlzaXMgZm9yIEV4cGVyaW1lbnRhbCBEZXNpZ24ucGRm0hcLGBlXTlMuZGF0YU8RAlYAAAAAAlYAAgAADE1hY2ludG9zaCBIRAAAAAAAAAAAAAAAAAAAAMq4/xRIKwAAAAXGrB9JZGVudGlmaWFiaWxpdHkgYW5kIE8jNUM2QjEucGRmAAAAAAAAAAAAAAAAAAAAAAAAAAAAAAAAAAAAAAAAAAAABcaxyVspHQAAAAAAAAAAAAMABQAACSAAAAAAAAAAAAAAAAAAAAAEUmF1ZQAQAAgAAMq5N1QAAAARAAgAAMlbb20AAAABABgABcasAAXGEAAFxg8ABcX1AAUewQAAwCMAAgBUTWFjaW50b3NoIEhEOlVzZXJzOgBhcmF1ZToAU2l0ZXM6AHB1YjoAYmlidGV4OgBSYXVlOgBJZGVudGlmaWFiaWxpdHkgYW5kIE8jNUM2QjEucGRmAA4AjgBGAEkAZABlAG4AdABpAGYAaQBhAGIAaQBsAGkAdAB5ACAAYQBuAGQAIABPAGIAcwBlAHIAdgBhAGIAaQBsAGkAdAB5ACAAQQBuAGEAbAB5AHMAaQBzACAAZgBvAHIAIABFAHgAcABlAHIAaQBtAGUAbgB0AGEAbAAgAEQAZQBzAGkAZwBuAC4AcABkAGYADwAaAAwATQBhAGMAaQBuAHQAbwBzAGgAIABIAEQAEgBoVXNlcnMvYXJhdWUvU2l0ZXMvcHViL2JpYnRleC9SYXVlL0lkZW50aWZpYWJpbGl0eSBhbmQgT2JzZXJ2YWJpbGl0eSBBbmFseXNpcyBmb3IgRXhwZXJpbWVudGFsIERlc2lnbi5wZGYAEwABLwAAFQACAAz//wAAgAbSGxwdHlokY2xhc3NuYW1lWCRjbGFzc2VzXU5TTXV0YWJsZURhdGGjHR8gVk5TRGF0YVhOU09iamVjdNIbHCIjXE5TRGljdGlvbmFyeaIiIF8QD05TS2V5ZWRBcmNoaXZlctEmJ1Ryb290gAEACAARABoAIwAtADIANwBAAEYATQBVAGAAZwBqAGwAbgBxAHMAdQB3AIQAjgD2APsBAwNdA18DZANvA3gDhgOKA5EDmgOfA6wDrwPBA8QDyQAAAAAAAAIBAAAAAAAAACgAAAAAAAAAAAAAAAAAAAPL}}

@article{Raue:2009ec,
	Abstract = {Motivation: Mathematical description of biological reaction networks by differential equations leads to large models whose parameters are calibrated in order to optimally explain experimental data. Often only parts of the model can be observed directly. Given a model that sufficiently describes the measured data, it is important to infer how well model parameters are determined by the amount and quality of experimental data. This knowledge is essential for further investigation of model predictions. For this reason a major topic in modeling is identifiability analysis.

Results: We suggest an approach that exploits the profile likelihood. It enables to detect structural non-identifiabilities, which manifest in functionally related model parameters. Furthermore, practical non-identifiabilities are detected, that might arise due to limited amount and quality of experimental data. Last but not least confidence intervals can be derived. The results are easy to interpret and can be used for experimental planning and for model reduction.},
	Author = {Raue, A and Kreutz, C and Maiwald, T and Bachmann, J and Schilling, M and Klingm{\"u}ller, U and Timmer, J},
	Date-Added = {2015-03-07 00:51:26 +0000},
	Date-Modified = {2015-03-07 00:51:26 +0000},
	Journal = {Bioinformatics},
	Number = {15},
	Pages = {1923--1929},
	Pdf = {Raue/Structural and practical identifiability analysis of partially0.pdf},
	Pdfsupplement = {Raue/Structural and practical identifiability analysis of partially1.pdf},
	Title = {Structural and practical identifiability analysis of partially observed dynamical models by exploiting the profile likelihood},
	Url = {http://bioinformatics.oxfordjournals.org/cgi/content/abstract/btp358v1},
	Volume = {25},
	Year = {2009},
	Bdsk-File-1 = {YnBsaXN0MDDUAQIDBAUGJCVYJHZlcnNpb25YJG9iamVjdHNZJGFyY2hpdmVyVCR0b3ASAAGGoKgHCBMUFRYaIVUkbnVsbNMJCgsMDxJXTlMua2V5c1pOUy5vYmplY3RzViRjbGFzc6INDoACgAOiEBGABIAFgAdccmVsYXRpdmVQYXRoWWFsaWFzRGF0YV8QYS4uLy4uLy4uL1NpdGVzL3B1Yi9iaWJ0ZXgvUmF1ZS9TdHJ1Y3R1cmFsIGFuZCBwcmFjdGljYWwgaWRlbnRpZmlhYmlsaXR5IGFuYWx5c2lzIG9mIHBhcnRpYWxseS5wZGbSFwsYGVdOUy5kYXRhTxECSgAAAAACSgACAAAMTWFjaW50b3NoIEhEAAAAAAAAAAAAAAAAAAAAyrj/FEgrAAAABcasH1N0cnVjdHVyYWwgYW5kIHByYWN0aSM1QzZCMi5wZGYAAAAAAAAAAAAAAAAAAAAAAAAAAAAAAAAAAAAAAAAAAAAFxrLI0NHYAAAAAAAAAAAAAwAFAAAJIAAAAAAAAAAAAAAAAAAAAARSYXVlABAACAAAyrk3VAAAABEACAAAyNEKGAAAAAEAGAAFxqwABcYQAAXGDwAFxfUABR7BAADAIwACAFRNYWNpbnRvc2ggSEQ6VXNlcnM6AGFyYXVlOgBTaXRlczoAcHViOgBiaWJ0ZXg6AFJhdWU6AFN0cnVjdHVyYWwgYW5kIHByYWN0aSM1QzZCMi5wZGYADgCGAEIAUwB0AHIAdQBjAHQAdQByAGEAbAAgAGEAbgBkACAAcAByAGEAYwB0AGkAYwBhAGwAIABpAGQAZQBuAHQAaQBmAGkAYQBiAGkAbABpAHQAeQAgAGEAbgBhAGwAeQBzAGkAcwAgAG8AZgAgAHAAYQByAHQAaQBhAGwAbAB5AC4AcABkAGYADwAaAAwATQBhAGMAaQBuAHQAbwBzAGgAIABIAEQAEgBkVXNlcnMvYXJhdWUvU2l0ZXMvcHViL2JpYnRleC9SYXVlL1N0cnVjdHVyYWwgYW5kIHByYWN0aWNhbCBpZGVudGlmaWFiaWxpdHkgYW5hbHlzaXMgb2YgcGFydGlhbGx5LnBkZgATAAEvAAAVAAIADP//AACABtIbHB0eWiRjbGFzc25hbWVYJGNsYXNzZXNdTlNNdXRhYmxlRGF0YaMdHyBWTlNEYXRhWE5TT2JqZWN00hscIiNcTlNEaWN0aW9uYXJ5oiIgXxAPTlNLZXllZEFyY2hpdmVy0SYnVHJvb3SAAQAIABEAGgAjAC0AMgA3AEAARgBNAFUAYABnAGoAbABuAHEAcwB1AHcAhACOAPIA9wD/A00DTwNUA18DaAN2A3oDgQOKA48DnAOfA7EDtAO5AAAAAAAAAgEAAAAAAAAAKAAAAAAAAAAAAAAAAAAAA7s=},
	Bdsk-File-2 = {YnBsaXN0MDDUAQIDBAUGJCVYJHZlcnNpb25YJG9iamVjdHNZJGFyY2hpdmVyVCR0b3ASAAGGoKgHCBMUFRYaIVUkbnVsbNMJCgsMDxJXTlMua2V5c1pOUy5vYmplY3RzViRjbGFzc6INDoACgAOiEBGABIAFgAdccmVsYXRpdmVQYXRoWWFsaWFzRGF0YV8QYi4uLy4uLy4uL1NpdGVzL3B1Yi9iaWJ0ZXgvUmF1ZS9TdHJ1Y3R1cmFsIGFuZCBwcmFjdGljYWwgaWRlbnRpZmlhYmlsaXR5IGFuYWx5c2lzIG9mIHBhcnRpYWxseTAucGRm0hcLGBlXTlMuZGF0YU8RAk4AAAAAAk4AAgAADE1hY2ludG9zaCBIRAAAAAAAAAAAAAAAAAAAAMq4/xRIKwAAAAXGrB9TdHJ1Y3R1cmFsIGFuZCBwcmFjdGkjNUM2QjMucGRmAAAAAAAAAAAAAAAAAAAAAAAAAAAAAAAAAAAAAAAAAAAABcazyNDR2AAAAAAAAAAAAAMABQAACSAAAAAAAAAAAAAAAAAAAAAEUmF1ZQAQAAgAAMq5N1QAAAARAAgAAMjRChgAAAABABgABcasAAXGEAAFxg8ABcX1AAUewQAAwCMAAgBUTWFjaW50b3NoIEhEOlVzZXJzOgBhcmF1ZToAU2l0ZXM6AHB1YjoAYmlidGV4OgBSYXVlOgBTdHJ1Y3R1cmFsIGFuZCBwcmFjdGkjNUM2QjMucGRmAA4AiABDAFMAdAByAHUAYwB0AHUAcgBhAGwAIABhAG4AZAAgAHAAcgBhAGMAdABpAGMAYQBsACAAaQBkAGUAbgB0AGkAZgBpAGEAYgBpAGwAaQB0AHkAIABhAG4AYQBsAHkAcwBpAHMAIABvAGYAIABwAGEAcgB0AGkAYQBsAGwAeQAwAC4AcABkAGYADwAaAAwATQBhAGMAaQBuAHQAbwBzAGgAIABIAEQAEgBlVXNlcnMvYXJhdWUvU2l0ZXMvcHViL2JpYnRleC9SYXVlL1N0cnVjdHVyYWwgYW5kIHByYWN0aWNhbCBpZGVudGlmaWFiaWxpdHkgYW5hbHlzaXMgb2YgcGFydGlhbGx5MC5wZGYAABMAAS8AABUAAgAM//8AAIAG0hscHR5aJGNsYXNzbmFtZVgkY2xhc3Nlc11OU011dGFibGVEYXRhox0fIFZOU0RhdGFYTlNPYmplY3TSGxwiI1xOU0RpY3Rpb25hcnmiIiBfEA9OU0tleWVkQXJjaGl2ZXLRJidUcm9vdIABAAgAEQAaACMALQAyADcAQABGAE0AVQBgAGcAagBsAG4AcQBzAHUAdwCEAI4A8wD4AQADUgNUA1kDZANtA3sDfwOGA48DlAOhA6QDtgO5A74AAAAAAAACAQAAAAAAAAAoAAAAAAAAAAAAAAAAAAADwA==},
	Bdsk-File-3 = {YnBsaXN0MDDUAQIDBAUGJCVYJHZlcnNpb25YJG9iamVjdHNZJGFyY2hpdmVyVCR0b3ASAAGGoKgHCBMUFRYaIVUkbnVsbNMJCgsMDxJXTlMua2V5c1pOUy5vYmplY3RzViRjbGFzc6INDoACgAOiEBGABIAFgAdccmVsYXRpdmVQYXRoWWFsaWFzRGF0YV8QYi4uLy4uLy4uL1NpdGVzL3B1Yi9iaWJ0ZXgvUmF1ZS9TdHJ1Y3R1cmFsIGFuZCBwcmFjdGljYWwgaWRlbnRpZmlhYmlsaXR5IGFuYWx5c2lzIG9mIHBhcnRpYWxseTEucGRm0hcLGBlXTlMuZGF0YU8RAk4AAAAAAk4AAgAADE1hY2ludG9zaCBIRAAAAAAAAAAAAAAAAAAAAMq4/xRIKwAAAAXGrB9TdHJ1Y3R1cmFsIGFuZCBwcmFjdGkjNUM2QjQucGRmAAAAAAAAAAAAAAAAAAAAAAAAAAAAAAAAAAAAAAAAAAAABca0yNDR2AAAAAAAAAAAAAMABQAACSAAAAAAAAAAAAAAAAAAAAAEUmF1ZQAQAAgAAMq5N1QAAAARAAgAAMjRChgAAAABABgABcasAAXGEAAFxg8ABcX1AAUewQAAwCMAAgBUTWFjaW50b3NoIEhEOlVzZXJzOgBhcmF1ZToAU2l0ZXM6AHB1YjoAYmlidGV4OgBSYXVlOgBTdHJ1Y3R1cmFsIGFuZCBwcmFjdGkjNUM2QjQucGRmAA4AiABDAFMAdAByAHUAYwB0AHUAcgBhAGwAIABhAG4AZAAgAHAAcgBhAGMAdABpAGMAYQBsACAAaQBkAGUAbgB0AGkAZgBpAGEAYgBpAGwAaQB0AHkAIABhAG4AYQBsAHkAcwBpAHMAIABvAGYAIABwAGEAcgB0AGkAYQBsAGwAeQAxAC4AcABkAGYADwAaAAwATQBhAGMAaQBuAHQAbwBzAGgAIABIAEQAEgBlVXNlcnMvYXJhdWUvU2l0ZXMvcHViL2JpYnRleC9SYXVlL1N0cnVjdHVyYWwgYW5kIHByYWN0aWNhbCBpZGVudGlmaWFiaWxpdHkgYW5hbHlzaXMgb2YgcGFydGlhbGx5MS5wZGYAABMAAS8AABUAAgAM//8AAIAG0hscHR5aJGNsYXNzbmFtZVgkY2xhc3Nlc11OU011dGFibGVEYXRhox0fIFZOU0RhdGFYTlNPYmplY3TSGxwiI1xOU0RpY3Rpb25hcnmiIiBfEA9OU0tleWVkQXJjaGl2ZXLRJidUcm9vdIABAAgAEQAaACMALQAyADcAQABGAE0AVQBgAGcAagBsAG4AcQBzAHUAdwCEAI4A8wD4AQADUgNUA1kDZANtA3sDfwOGA48DlAOhA6QDtgO5A74AAAAAAAACAQAAAAAAAAAoAAAAAAAAAAAAAAAAAAADwA==}}

@article{Gin2013,
	Abstract = {The light response in Neurospora is mediated by the photoreceptor and circadian transcription factor White Collar Complex (WCC). The expression rate of the WCC target genes adapts in daylight and remains refractory to moonlight, despite the extraordinary light sensitivity of the WCC. To explain this photoadaptation, feedback inhibition by the WCC interaction partner VIVID (VVD) has been invoked. Here we show through data-driven mathematical modeling that VVD allows Neurospora to detect relative changes in light intensity. To achieve this behavior, VVD acts as an inhibitor of WCC-driven gene expression and, at the same time, as a positive regulator that maintains the responsiveness of the photosystem. Our data indicate that this paradoxical function is realized by a futile cycle that involves the light-induced sequestration of active WCC by VVD and the replenishment of the activatable WCC pool through the decay of the photoactivated state. Our quantitative study uncovers a novel network motif for achieving sensory adaptation and defines a core input module of the circadian clock in Neurospora.},
	Author = {Gin, Elan and Diernfellner, Axel C R and Brunner, Michael and H\"{o}fer, Thomas},
	Doi = {10.1038/msb.2013.24},
	File = {:Users/theinemann/Documents/Doktorarbeit/2015/Defence/Defense\_paper/general\_Interest/gin2013.pdf:pdf},
	Issn = {1744-4292},
	Journal = {Molecular systems biology},
	Keywords = {Adaptation, Physiological,Adaptation, Physiological: radiation effects,Circadian Clocks,Circadian Clocks: genetics,Circadian Clocks: radiation effects,Circadian Rhythm,Circadian Rhythm: genetics,Circadian Rhythm: radiation effects,Computer Simulation,Feedback, Physiological,Feedback, Physiological: radiation effects,Fungal Proteins,Fungal Proteins: genetics,Fungal Proteins: metabolism,Gene Expression Regulation, Fungal,Gene Expression Regulation, Fungal: radiation effe,Light,Models, Genetic,Neurospora crassa,Neurospora crassa: genetics,Neurospora crassa: metabolism,Neurospora crassa: radiation effects,Photoreceptors, Microbial,Photoreceptors, Microbial: genetics,Photoreceptors, Microbial: metabolism,Photoreceptors, Microbial: radiation effects,Transcription Factors,Transcription Factors: genetics,Transcription Factors: metabolism},
	Mendeley-Groups = {Defence},
	Number = {667},
	Pages = {667},
	Pmid = {23712010},
	Title = {{The Neurospora photoreceptor VIVID exerts negative and positive control on light sensing to achieve adaptation.}},
	Url = {http://www.ncbi.nlm.nih.gov/pubmed/23712010},
	Volume = {9},
	Year = {2013},
	Bdsk-Url-1 = {http://www.ncbi.nlm.nih.gov/pubmed/23712010},
	Bdsk-Url-2 = {http://dx.doi.org/10.1038/msb.2013.24}}

@article{Verbruggen2014,
	Author = {Verbruggen, Paul and Heinemann, Tim and Manders, Erik and von Bornstaedt, Gesa and van Driel, Roel and H\"{o}fer, Thomas},
	Doi = {10.1371/journal.pcbi.1003438},
	Editor = {Stelling, Jorg},
	File = {:Users/theinemann/Documents/Doktorarbeit/2014/NER/Paper/Verbruggen2014.pdf:pdf},
	Issn = {1553-7358},
	Journal = {PLoS Computational Biology},
	Mendeley-Groups = {NER},
	Month = jan,
	Number = {1},
	Pages = {e1003438},
	Title = {{Robustness of DNA repair through collective rate control}},
	Url = {http://dx.plos.org/10.1371/journal.pcbi.1003438},
	Volume = {10},
	Year = {2014},
	Bdsk-Url-1 = {http://dx.plos.org/10.1371/journal.pcbi.1003438},
	Bdsk-Url-2 = {http://dx.doi.org/10.1371/journal.pcbi.1003438}}

@article{Swameye:2003hc,
	Abstract = {Considerable progress has been made in identifying the molecular composition of complex signaling networks controlling cell proliferation, differentiation, and survival. However, to discover general building principles and predict the dynamic behavior of signaling networks, it is necessary to develop quantitative models based on experimental observations. Here we report a mathematical model of the core module of the Janus family of kinases (JAK)-signal transducer and activator of transcription (STAT) signaling pathway based on time-resolved measurements of receptor and STAT5 phosphorylation. Applying the fitted model, we can determine the quantitative behavior of STAT5 populations not accessible to experimental measurement. By in silico investigations, we identify the parameters of nuclear shuttling as the most sensitive to perturbations and verify experimentally the model prediction that inhibition of nuclear export results in a reduced transcriptional yield. The model reveals that STAT5 undergoes rapid nucleocytoplasmic cycles, continuously coupling receptor activation and target gene transcription, thereby forming a remote sensor between nucleus and receptor. Thus, dynamic modeling of signaling pathways can promote functional understanding at the systems level.},
	Affiliation = {Max-Planck-Institut fur Immunbiologie, Stubeweg 51, D-79108 Freiburg, Germany.},
	Author = {Swameye, I and M{\"u}ller, TG and Timmer, J and Sandra, O and Klingm{\"u}ller, U},
	Date-Added = {2015-03-07 00:47:36 +0000},
	Date-Modified = {2015-03-07 00:47:36 +0000},
	Journal = {PNAS},
	Keywords = {system biology},
	Number = {3},
	Pages = {1028--1033},
	Pdf = {Swameye/Identification of nucleocytoplasmic cycling as a remote sensor.pdf},
	Pdfsupplement = {Swameye/Identification of nucleocytoplasmic cycling as a remote sensor0.pdf},
	Title = {Identification of nucleocytoplasmic cycling as a remote sensor in cellular signaling by databased modeling},
	Volume = {100},
	Year = {2003},
	Bdsk-File-1 = {YnBsaXN0MDDUAQIDBAUGJCVYJHZlcnNpb25YJG9iamVjdHNZJGFyY2hpdmVyVCR0b3ASAAGGoKgHCBMUFRYaIVUkbnVsbNMJCgsMDxJXTlMua2V5c1pOUy5vYmplY3RzViRjbGFzc6INDoACgAOiEBGABIAFgAdccmVsYXRpdmVQYXRoWWFsaWFzRGF0YV8QZC4uLy4uLy4uL1NpdGVzL3B1Yi9iaWJ0ZXgvU3dhbWV5ZS9JZGVudGlmaWNhdGlvbiBvZiBudWNsZW9jeXRvcGxhc21pYyBjeWNsaW5nIGFzIGEgcmVtb3RlIHNlbnNvci5wZGbSFwsYGVdOUy5kYXRhTxECVgAAAAACVgACAAAMTWFjaW50b3NoIEhEAAAAAAAAAAAAAAAAAAAAyrj/FEgrAAAABcbSH0lkZW50aWZpY2F0aW9uIG9mIG51YyM1QzZEMy5wZGYAAAAAAAAAAAAAAAAAAAAAAAAAAAAAAAAAAAAAAAAAAAAFxtPI0NHZAAAAAAAAAAAAAwAFAAAJIAAAAAAAAAAAAAAAAAAAAAdTd2FtZXllAAAQAAgAAMq5N1QAAAARAAgAAMjRChkAAAABABgABcbSAAXGEAAFxg8ABcX1AAUewQAAwCMAAgBXTWFjaW50b3NoIEhEOlVzZXJzOgBhcmF1ZToAU2l0ZXM6AHB1YjoAYmlidGV4OgBTd2FtZXllOgBJZGVudGlmaWNhdGlvbiBvZiBudWMjNUM2RDMucGRmAAAOAIYAQgBJAGQAZQBuAHQAaQBmAGkAYwBhAHQAaQBvAG4AIABvAGYAIABuAHUAYwBsAGUAbwBjAHkAdABvAHAAbABhAHMAbQBpAGMAIABjAHkAYwBsAGkAbgBnACAAYQBzACAAYQAgAHIAZQBtAG8AdABlACAAcwBlAG4AcwBvAHIALgBwAGQAZgAPABoADABNAGEAYwBpAG4AdABvAHMAaAAgAEgARAASAGdVc2Vycy9hcmF1ZS9TaXRlcy9wdWIvYmlidGV4L1N3YW1leWUvSWRlbnRpZmljYXRpb24gb2YgbnVjbGVvY3l0b3BsYXNtaWMgY3ljbGluZyBhcyBhIHJlbW90ZSBzZW5zb3IucGRmAAATAAEvAAAVAAIADP//AACABtIbHB0eWiRjbGFzc25hbWVYJGNsYXNzZXNdTlNNdXRhYmxlRGF0YaMdHyBWTlNEYXRhWE5TT2JqZWN00hscIiNcTlNEaWN0aW9uYXJ5oiIgXxAPTlNLZXllZEFyY2hpdmVy0SYnVHJvb3SAAQAIABEAGgAjAC0AMgA3AEAARgBNAFUAYABnAGoAbABuAHEAcwB1AHcAhACOAPUA+gECA1wDXgNjA24DdwOFA4kDkAOZA54DqwOuA8ADwwPIAAAAAAAAAgEAAAAAAAAAKAAAAAAAAAAAAAAAAAAAA8o=},
	Bdsk-File-2 = {YnBsaXN0MDDUAQIDBAUGJCVYJHZlcnNpb25YJG9iamVjdHNZJGFyY2hpdmVyVCR0b3ASAAGGoKgHCBMUFRYaIVUkbnVsbNMJCgsMDxJXTlMua2V5c1pOUy5vYmplY3RzViRjbGFzc6INDoACgAOiEBGABIAFgAdccmVsYXRpdmVQYXRoWWFsaWFzRGF0YV8QZS4uLy4uLy4uL1NpdGVzL3B1Yi9iaWJ0ZXgvU3dhbWV5ZS9JZGVudGlmaWNhdGlvbiBvZiBudWNsZW9jeXRvcGxhc21pYyBjeWNsaW5nIGFzIGEgcmVtb3RlIHNlbnNvcjAucGRm0hcLGBlXTlMuZGF0YU8RAlgAAAAAAlgAAgAADE1hY2ludG9zaCBIRAAAAAAAAAAAAAAAAAAAAMq4/xRIKwAAAAXG0h9JZGVudGlmaWNhdGlvbiBvZiBudWMjNUM2RDQucGRmAAAAAAAAAAAAAAAAAAAAAAAAAAAAAAAAAAAAAAAAAAAABcbUyNDR2QAAAAAAAAAAAAMABQAACSAAAAAAAAAAAAAAAAAAAAAHU3dhbWV5ZQAAEAAIAADKuTdUAAAAEQAIAADI0QoZAAAAAQAYAAXG0gAFxhAABcYPAAXF9QAFHsEAAMAjAAIAV01hY2ludG9zaCBIRDpVc2VyczoAYXJhdWU6AFNpdGVzOgBwdWI6AGJpYnRleDoAU3dhbWV5ZToASWRlbnRpZmljYXRpb24gb2YgbnVjIzVDNkQ0LnBkZgAADgCIAEMASQBkAGUAbgB0AGkAZgBpAGMAYQB0AGkAbwBuACAAbwBmACAAbgB1AGMAbABlAG8AYwB5AHQAbwBwAGwAYQBzAG0AaQBjACAAYwB5AGMAbABpAG4AZwAgAGEAcwAgAGEAIAByAGUAbQBvAHQAZQAgAHMAZQBuAHMAbwByADAALgBwAGQAZgAPABoADABNAGEAYwBpAG4AdABvAHMAaAAgAEgARAASAGhVc2Vycy9hcmF1ZS9TaXRlcy9wdWIvYmlidGV4L1N3YW1leWUvSWRlbnRpZmljYXRpb24gb2YgbnVjbGVvY3l0b3BsYXNtaWMgY3ljbGluZyBhcyBhIHJlbW90ZSBzZW5zb3IwLnBkZgATAAEvAAAVAAIADP//AACABtIbHB0eWiRjbGFzc25hbWVYJGNsYXNzZXNdTlNNdXRhYmxlRGF0YaMdHyBWTlNEYXRhWE5TT2JqZWN00hscIiNcTlNEaWN0aW9uYXJ5oiIgXxAPTlNLZXllZEFyY2hpdmVy0SYnVHJvb3SAAQAIABEAGgAjAC0AMgA3AEAARgBNAFUAYABnAGoAbABuAHEAcwB1AHcAhACOAPYA+wEDA18DYQNmA3EDegOIA4wDkwOcA6EDrgOxA8MDxgPLAAAAAAAAAgEAAAAAAAAAKAAAAAAAAAAAAAAAAAAAA80=}}

@article{Raia:2011vn,
	Abstract = {Primary mediastinal B-cell lymphoma (PMBL) and classical Hodgkin lymphoma (cHL) share a frequent constitutive activation of JAK (Janus kinase)/STAT signaling pathway. Because of complex, nonlinear relations within the pathway, key dynamic properties remained to be identified to predict possible strategies for intervention. We report the development of dynamic pathway models based on quantitative data collected on signaling components of JAK/STAT pathway in two lymphoma-derived cell lines, MedB-1 and L1236, representative of PMBL and cHL, respectively. We show that the amounts of STAT5 and STAT6 are higher whereas those of SHP1 are lower in the two lymphoma cell lines than in normal B cells. Distinctively, L1236 cells harbor more JAK2 and less SHP1 molecules per cell than MedB-1 or control cells. In both lymphoma cell lines, we observe interleukin-13 (IL13)-induced activation of IL4 receptor a, JAK2, and STAT5, but not of STAT6. Genome- wide, 11 early and 16 sustained genes are upregulated by IL13 in both lymphoma cell lines. Specifically, the known STAT-inducible negative regulators CISH and SOCS3 are upregulated within 2 hours in MedB-1 but not in L1236 cells. On the basis of this detailed quantitative information, we established two mathematical models, MedB-1 and L1236 model, able to describe the respective experimental data. Most of the model parameters are identifiable and therefore the models are predictive. Sensitivity analysis of the model identifies six possible therapeutic targets able to reduce gene expression levels in L1236 cells and three in MedB-1. We experimentally confirm reduction in target gene expression in response to inhibition of STAT5 phosphorylation, thereby validating one of the predicted targets. },
	Author = {Raia, V. and Schilling, M. and B{\"o}hm, M. and Hahn, B. and Kowarsch, A. and Raue, A. and Sticht, C. and Bohl, S. and Saile, M. and M{\"o}ller, P. and Gretz, N. and Timmer, J. and Theis, F. and Lehmann, WD. and Lichter, P. and Klingm{\"u}ller, U.},
	Date-Added = {2015-03-07 00:47:28 +0000},
	Date-Modified = {2015-03-07 00:47:28 +0000},
	Journal = {Cancer Research},
	Pages = {693-704},
	Pdf = {Raia/Dynamic Mathematical Modeling of IL13-induced Signaling.pdf},
	Pdfsupplement = {Raia/Dynamic Mathematical Modeling of IL13-induced Signaling0.pdf},
	Title = {Dynamic Mathematical Modeling of {IL13}-induced Signaling in {Hodgkin} and Primary Mediastinal {B}-cell Lymphoma Allows Prediction of Therapeutic Targets},
	Url = {http://cancerres.aacrjournals.org/content/71/3/693},
	Volume = {71},
	Year = {2011},
	Bdsk-File-1 = {YnBsaXN0MDDUAQIDBAUGJCVYJHZlcnNpb25YJG9iamVjdHNZJGFyY2hpdmVyVCR0b3ASAAGGoKgHCBMUFRYaIVUkbnVsbNMJCgsMDxJXTlMua2V5c1pOUy5vYmplY3RzViRjbGFzc6INDoACgAOiEBGABIAFgAdccmVsYXRpdmVQYXRoWWFsaWFzRGF0YV8QWi4uLy4uLy4uL1NpdGVzL3B1Yi9iaWJ0ZXgvUmFpYS9EeW5hbWljIE1hdGhlbWF0aWNhbCBNb2RlbGluZyBvZiBJTDEzLWluZHVjZWQgU2lnbmFsaW5nLnBkZtIXCxgZV05TLmRhdGFPEQI2AAAAAAI2AAIAAAxNYWNpbnRvc2ggSEQAAAAAAAAAAAAAAAAAAADKuP8USCsAAAAFxqcfRHluYW1pYyBNYXRoZW1hdGljYWwgIzVDNkE4LnBkZgAAAAAAAAAAAAAAAAAAAAAAAAAAAAAAAAAAAAAAAAAAAAXGqMl/3sMAAAAAAAAAAAADAAUAAAkgAAAAAAAAAAAAAAAAAAAABFJhaWEAEAAIAADKuTdUAAAAEQAIAADJgCUTAAAAAQAYAAXGpwAFxhAABcYPAAXF9QAFHsEAAMAjAAIAVE1hY2ludG9zaCBIRDpVc2VyczoAYXJhdWU6AFNpdGVzOgBwdWI6AGJpYnRleDoAUmFpYToARHluYW1pYyBNYXRoZW1hdGljYWwgIzVDNkE4LnBkZgAOAHgAOwBEAHkAbgBhAG0AaQBjACAATQBhAHQAaABlAG0AYQB0AGkAYwBhAGwAIABNAG8AZABlAGwAaQBuAGcAIABvAGYAIABJAEwAMQAzAC0AaQBuAGQAdQBjAGUAZAAgAFMAaQBnAG4AYQBsAGkAbgBnAC4AcABkAGYADwAaAAwATQBhAGMAaQBuAHQAbwBzAGgAIABIAEQAEgBdVXNlcnMvYXJhdWUvU2l0ZXMvcHViL2JpYnRleC9SYWlhL0R5bmFtaWMgTWF0aGVtYXRpY2FsIE1vZGVsaW5nIG9mIElMMTMtaW5kdWNlZCBTaWduYWxpbmcucGRmAAATAAEvAAAVAAIADP//AACABtIbHB0eWiRjbGFzc25hbWVYJGNsYXNzZXNdTlNNdXRhYmxlRGF0YaMdHyBWTlNEYXRhWE5TT2JqZWN00hscIiNcTlNEaWN0aW9uYXJ5oiIgXxAPTlNLZXllZEFyY2hpdmVy0SYnVHJvb3SAAQAIABEAGgAjAC0AMgA3AEAARgBNAFUAYABnAGoAbABuAHEAcwB1AHcAhACOAOsA8AD4AzIDNAM5A0QDTQNbA18DZgNvA3QDgQOEA5YDmQOeAAAAAAAAAgEAAAAAAAAAKAAAAAAAAAAAAAAAAAAAA6A=},
	Bdsk-File-2 = {YnBsaXN0MDDUAQIDBAUGJCVYJHZlcnNpb25YJG9iamVjdHNZJGFyY2hpdmVyVCR0b3ASAAGGoKgHCBMUFRYaIVUkbnVsbNMJCgsMDxJXTlMua2V5c1pOUy5vYmplY3RzViRjbGFzc6INDoACgAOiEBGABIAFgAdccmVsYXRpdmVQYXRoWWFsaWFzRGF0YV8QWy4uLy4uLy4uL1NpdGVzL3B1Yi9iaWJ0ZXgvUmFpYS9EeW5hbWljIE1hdGhlbWF0aWNhbCBNb2RlbGluZyBvZiBJTDEzLWluZHVjZWQgU2lnbmFsaW5nMC5wZGbSFwsYGVdOUy5kYXRhTxECOAAAAAACOAACAAAMTWFjaW50b3NoIEhEAAAAAAAAAAAAAAAAAAAAyrj/FEgrAAAABcanH0R5bmFtaWMgTWF0aGVtYXRpY2FsICM1QzZBOS5wZGYAAAAAAAAAAAAAAAAAAAAAAAAAAAAAAAAAAAAAAAAAAAAFxqnJf97TAAAAAAAAAAAAAwAFAAAJIAAAAAAAAAAAAAAAAAAAAARSYWlhABAACAAAyrk3VAAAABEACAAAyYAlIwAAAAEAGAAFxqcABcYQAAXGDwAFxfUABR7BAADAIwACAFRNYWNpbnRvc2ggSEQ6VXNlcnM6AGFyYXVlOgBTaXRlczoAcHViOgBiaWJ0ZXg6AFJhaWE6AER5bmFtaWMgTWF0aGVtYXRpY2FsICM1QzZBOS5wZGYADgB6ADwARAB5AG4AYQBtAGkAYwAgAE0AYQB0AGgAZQBtAGEAdABpAGMAYQBsACAATQBvAGQAZQBsAGkAbgBnACAAbwBmACAASQBMADEAMwAtAGkAbgBkAHUAYwBlAGQAIABTAGkAZwBuAGEAbABpAG4AZwAwAC4AcABkAGYADwAaAAwATQBhAGMAaQBuAHQAbwBzAGgAIABIAEQAEgBeVXNlcnMvYXJhdWUvU2l0ZXMvcHViL2JpYnRleC9SYWlhL0R5bmFtaWMgTWF0aGVtYXRpY2FsIE1vZGVsaW5nIG9mIElMMTMtaW5kdWNlZCBTaWduYWxpbmcwLnBkZgATAAEvAAAVAAIADP//AACABtIbHB0eWiRjbGFzc25hbWVYJGNsYXNzZXNdTlNNdXRhYmxlRGF0YaMdHyBWTlNEYXRhWE5TT2JqZWN00hscIiNcTlNEaWN0aW9uYXJ5oiIgXxAPTlNLZXllZEFyY2hpdmVy0SYnVHJvb3SAAQAIABEAGgAjAC0AMgA3AEAARgBNAFUAYABnAGoAbABuAHEAcwB1AHcAhACOAOwA8QD5AzUDNwM8A0cDUANeA2IDaQNyA3cDhAOHA5kDnAOhAAAAAAAAAgEAAAAAAAAAKAAAAAAAAAAAAAAAAAAAA6M=}}

@article{Becker:2010hs,
	Abstract = {Cell surface receptors convert extracellular cues into receptor activation, thereby triggering intracellular signaling networks and controlling cellular decisions. A major unresolved issue is the identification of receptor properties that critically determine processing of ligand-encoded information. We show by mathematical modeling of quantitative data and experimental validation that rapid ligand depletion and replenishment of the cell surface receptor are characteristic features of the erythropoietin (Epo) receptor (EpoR). The amount of Epo-EpoR complexes and EpoR activation integrated over time corresponds linearly to ligand input; this process is carried out over a broad range of ligand concentrations. This relation depends solely on EpoR turnover independent of ligand binding, which suggests an essential role of large intracellular receptor pools. These receptor properties enable the system to cope with basal and acute demand in the hematopoietic system.},
	Author = {Becker, V and Schilling, M and Bachmann, J and Baumann, U and Raue, A and Maiwald, T and Timmer, J and Klingmueller, U},
	Date-Added = {2015-03-07 00:47:17 +0000},
	Date-Modified = {2015-03-07 00:47:17 +0000},
	Journal = {Science},
	Number = {5984},
	Pages = {1404--1408},
	Pdf = {Becker/Covering a broad dynamic range information.pdf},
	Pdfsupplement = {Becker/Covering a broad dynamic range information0.pdf},
	Title = {Covering a broad dynamic range: information processing at the erythropoietin receptor},
	Url = {http://www.sciencemag.org/cgi/content/abstract/science.1184913},
	Volume = {328},
	Year = {2010},
	Bdsk-File-1 = {YnBsaXN0MDDUAQIDBAUGJCVYJHZlcnNpb25YJG9iamVjdHNZJGFyY2hpdmVyVCR0b3ASAAGGoKgHCBMUFRYaIVUkbnVsbNMJCgsMDxJXTlMua2V5c1pOUy5vYmplY3RzViRjbGFzc6INDoACgAOiEBGABIAFgAdccmVsYXRpdmVQYXRoWWFsaWFzRGF0YV8QTy4uLy4uLy4uL1NpdGVzL3B1Yi9iaWJ0ZXgvQmVja2VyL0NvdmVyaW5nIGEgYnJvYWQgZHluYW1pYyByYW5nZSBpbmZvcm1hdGlvbi5wZGbSFwsYGVdOUy5kYXRhTxECFAAAAAACFAACAAAMTWFjaW50b3NoIEhEAAAAAAAAAAAAAAAAAAAAyrj/FEgrAAAABcYqH0NvdmVyaW5nIGEgYnJvYWQgZHluYSM1QzYyQi5wZGYAAAAAAAAAAAAAAAAAAAAAAAAAAAAAAAAAAAAAAAAAAAAFxivI0NHXAAAAAAAAAAAAAwAFAAAJIAAAAAAAAAAAAAAAAAAAAAZCZWNrZXIAEAAIAADKuTdUAAAAEQAIAADI0QoXAAAAAQAYAAXGKgAFxhAABcYPAAXF9QAFHsEAAMAjAAIAVk1hY2ludG9zaCBIRDpVc2VyczoAYXJhdWU6AFNpdGVzOgBwdWI6AGJpYnRleDoAQmVja2VyOgBDb3ZlcmluZyBhIGJyb2FkIGR5bmEjNUM2MkIucGRmAA4AXgAuAEMAbwB2AGUAcgBpAG4AZwAgAGEAIABiAHIAbwBhAGQAIABkAHkAbgBhAG0AaQBjACAAcgBhAG4AZwBlACAAaQBuAGYAbwByAG0AYQB0AGkAbwBuAC4AcABkAGYADwAaAAwATQBhAGMAaQBuAHQAbwBzAGgAIABIAEQAEgBSVXNlcnMvYXJhdWUvU2l0ZXMvcHViL2JpYnRleC9CZWNrZXIvQ292ZXJpbmcgYSBicm9hZCBkeW5hbWljIHJhbmdlIGluZm9ybWF0aW9uLnBkZgATAAEvAAAVAAIADP//AACABtIbHB0eWiRjbGFzc25hbWVYJGNsYXNzZXNdTlNNdXRhYmxlRGF0YaMdHyBWTlNEYXRhWE5TT2JqZWN00hscIiNcTlNEaWN0aW9uYXJ5oiIgXxAPTlNLZXllZEFyY2hpdmVy0SYnVHJvb3SAAQAIABEAGgAjAC0AMgA3AEAARgBNAFUAYABnAGoAbABuAHEAcwB1AHcAhACOAOAA5QDtAwUDBwMMAxcDIAMuAzIDOQNCA0cDVANXA2kDbANxAAAAAAAAAgEAAAAAAAAAKAAAAAAAAAAAAAAAAAAAA3M=},
	Bdsk-File-2 = {YnBsaXN0MDDUAQIDBAUGJCVYJHZlcnNpb25YJG9iamVjdHNZJGFyY2hpdmVyVCR0b3ASAAGGoKgHCBMUFRYaIVUkbnVsbNMJCgsMDxJXTlMua2V5c1pOUy5vYmplY3RzViRjbGFzc6INDoACgAOiEBGABIAFgAdccmVsYXRpdmVQYXRoWWFsaWFzRGF0YV8QUC4uLy4uLy4uL1NpdGVzL3B1Yi9iaWJ0ZXgvQmVja2VyL0NvdmVyaW5nIGEgYnJvYWQgZHluYW1pYyByYW5nZSBpbmZvcm1hdGlvbjAucGRm0hcLGBlXTlMuZGF0YU8RAhgAAAAAAhgAAgAADE1hY2ludG9zaCBIRAAAAAAAAAAAAAAAAAAAAMq4/xRIKwAAAAXGKh9Db3ZlcmluZyBhIGJyb2FkIGR5bmEjNUM2MkMucGRmAAAAAAAAAAAAAAAAAAAAAAAAAAAAAAAAAAAAAAAAAAAABcYsyNIYsQAAAAAAAAAAAAMABQAACSAAAAAAAAAAAAAAAAAAAAAGQmVja2VyABAACAAAyrk3VAAAABEACAAAyNJQ8QAAAAEAGAAFxioABcYQAAXGDwAFxfUABR7BAADAIwACAFZNYWNpbnRvc2ggSEQ6VXNlcnM6AGFyYXVlOgBTaXRlczoAcHViOgBiaWJ0ZXg6AEJlY2tlcjoAQ292ZXJpbmcgYSBicm9hZCBkeW5hIzVDNjJDLnBkZgAOAGAALwBDAG8AdgBlAHIAaQBuAGcAIABhACAAYgByAG8AYQBkACAAZAB5AG4AYQBtAGkAYwAgAHIAYQBuAGcAZQAgAGkAbgBmAG8AcgBtAGEAdABpAG8AbgAwAC4AcABkAGYADwAaAAwATQBhAGMAaQBuAHQAbwBzAGgAIABIAEQAEgBTVXNlcnMvYXJhdWUvU2l0ZXMvcHViL2JpYnRleC9CZWNrZXIvQ292ZXJpbmcgYSBicm9hZCBkeW5hbWljIHJhbmdlIGluZm9ybWF0aW9uMC5wZGYAABMAAS8AABUAAgAM//8AAIAG0hscHR5aJGNsYXNzbmFtZVgkY2xhc3Nlc11OU011dGFibGVEYXRhox0fIFZOU0RhdGFYTlNPYmplY3TSGxwiI1xOU0RpY3Rpb25hcnmiIiBfEA9OU0tleWVkQXJjaGl2ZXLRJidUcm9vdIABAAgAEQAaACMALQAyADcAQABGAE0AVQBgAGcAagBsAG4AcQBzAHUAdwCEAI4A4QDmAO4DCgMMAxEDHAMlAzMDNwM+A0cDTANZA1wDbgNxA3YAAAAAAAACAQAAAAAAAAAoAAAAAAAAAAAAAAAAAAADeA==},
	Bdsk-File-3 = {YnBsaXN0MDDUAQIDBAUGJCVYJHZlcnNpb25YJG9iamVjdHNZJGFyY2hpdmVyVCR0b3ASAAGGoKgHCBMUFRYaIVUkbnVsbNMJCgsMDxJXTlMua2V5c1pOUy5vYmplY3RzViRjbGFzc6INDoACgAOiEBGABIAFgAdccmVsYXRpdmVQYXRoWWFsaWFzRGF0YV8QUC4uLy4uLy4uL1NpdGVzL3B1Yi9iaWJ0ZXgvQmVja2VyL0NvdmVyaW5nIGEgYnJvYWQgZHluYW1pYyByYW5nZSBpbmZvcm1hdGlvbjEucGRm0hcLGBlXTlMuZGF0YU8RAhgAAAAAAhgAAgAADE1hY2ludG9zaCBIRAAAAAAAAAAAAAAAAAAAAMq4/xRIKwAAAAXGKh9Db3ZlcmluZyBhIGJyb2FkIGR5bmEjNUM2MkQucGRmAAAAAAAAAAAAAAAAAAAAAAAAAAAAAAAAAAAAAAAAAAAABcYtyNIYsQAAAAAAAAAAAAMABQAACSAAAAAAAAAAAAAAAAAAAAAGQmVja2VyABAACAAAyrk3VAAAABEACAAAyNJQ8QAAAAEAGAAFxioABcYQAAXGDwAFxfUABR7BAADAIwACAFZNYWNpbnRvc2ggSEQ6VXNlcnM6AGFyYXVlOgBTaXRlczoAcHViOgBiaWJ0ZXg6AEJlY2tlcjoAQ292ZXJpbmcgYSBicm9hZCBkeW5hIzVDNjJELnBkZgAOAGAALwBDAG8AdgBlAHIAaQBuAGcAIABhACAAYgByAG8AYQBkACAAZAB5AG4AYQBtAGkAYwAgAHIAYQBuAGcAZQAgAGkAbgBmAG8AcgBtAGEAdABpAG8AbgAxAC4AcABkAGYADwAaAAwATQBhAGMAaQBuAHQAbwBzAGgAIABIAEQAEgBTVXNlcnMvYXJhdWUvU2l0ZXMvcHViL2JpYnRleC9CZWNrZXIvQ292ZXJpbmcgYSBicm9hZCBkeW5hbWljIHJhbmdlIGluZm9ybWF0aW9uMS5wZGYAABMAAS8AABUAAgAM//8AAIAG0hscHR5aJGNsYXNzbmFtZVgkY2xhc3Nlc11OU011dGFibGVEYXRhox0fIFZOU0RhdGFYTlNPYmplY3TSGxwiI1xOU0RpY3Rpb25hcnmiIiBfEA9OU0tleWVkQXJjaGl2ZXLRJidUcm9vdIABAAgAEQAaACMALQAyADcAQABGAE0AVQBgAGcAagBsAG4AcQBzAHUAdwCEAI4A4QDmAO4DCgMMAxEDHAMlAzMDNwM+A0cDTANZA1wDbgNxA3YAAAAAAAACAQAAAAAAAAAoAAAAAAAAAAAAAAAAAAADeA==}}

@article{Bachmann:2011fk,
	Abstract = {Cellular signal transduction is governed by multiple feedback mechanisms to elicit robust cellular decisions. The specific contributions of individual feedback regulators, however, remain unclear. Based on extensive time-resolved data sets in primary erythroid progenitor cells, we established a dynamic pathway model to dissect the roles of the two transcriptional negative feedback regulators of the suppressor of cytokine signaling (SOCS) family, CIS and SOCS3, in JAK2/STAT5 signaling. Facilitated by the model, we calculated the STAT5 response for experimentally unobservable Epo concentrations and provide a quantitative link between cell survival and the integrated response of STAT5 in the nucleus. Model predictions show that the two feedbacks CIS and SOCS3 are most effective at different ligand concentration ranges due to their distinct inhibitory mechanisms. This divided function of dual feedback regulation enables control of STAT5 responses for Epo concentrations that can vary 1000-fold in vivo. Our modeling approach reveals dose-dependent feedback control as key property to regulate STAT5-mediated survival decisions over a broad range of ligand concentrations.},
	Author = {Bachmann, J and Raue, A and Schilling, M and B{\"o}hm, ME and Kreutz, C and Kaschek, D and Busch, H and Gretz, N and Lehmann, WD and Timmer, J and Klingm{\"u}ller, U},
	Date-Added = {2015-03-07 00:46:52 +0000},
	Date-Modified = {2015-03-07 00:46:52 +0000},
	Journal = {Molecular Systems Biology},
	Pages = {516},
	Pdf = {Bachmann/Division of Labor by Dual Feedback Regulators.pdf},
	Pdfsupplement = {Bachmann/Division of Labor by Dual Feedback Regulators0.pdf},
	Title = {Division of Labor by Dual Feedback Regulators Controls {JAK2/STAT5} Signaling over Broad Ligand Range},
	Url = {http://www.nature.com/msb/journal/v7/n1/full/msb201150.html},
	Volume = {7},
	Year = {2011},
	Bdsk-File-1 = {YnBsaXN0MDDUAQIDBAUGJCVYJHZlcnNpb25YJG9iamVjdHNZJGFyY2hpdmVyVCR0b3ASAAGGoKgHCBMUFRYaIVUkbnVsbNMJCgsMDxJXTlMua2V5c1pOUy5vYmplY3RzViRjbGFzc6INDoACgAOiEBGABIAFgAdccmVsYXRpdmVQYXRoWWFsaWFzRGF0YV8QVC4uLy4uLy4uL1NpdGVzL3B1Yi9iaWJ0ZXgvQmFjaG1hbm4vRGl2aXNpb24gb2YgTGFib3IgYnkgRHVhbCBGZWVkYmFjayBSZWd1bGF0b3JzLnBkZtIXCxgZV05TLmRhdGFPEQIkAAAAAAIkAAIAAAxNYWNpbnRvc2ggSEQAAAAAAAAAAAAAAAAAAADKuP8USCsAAAAFxh0fRGl2aXNpb24gb2YgTGFib3IgYnkgIzVDNjFFLnBkZgAAAAAAAAAAAAAAAAAAAAAAAAAAAAAAAAAAAAAAAAAAAAXGHspNVVEAAAAAAAAAAAADAAUAAAkgAAAAAAAAAAAAAAAAAAAACEJhY2htYW5uABAACAAAyrk3VAAAABEACAAAyk2NkQAAAAEAGAAFxh0ABcYQAAXGDwAFxfUABR7BAADAIwACAFhNYWNpbnRvc2ggSEQ6VXNlcnM6AGFyYXVlOgBTaXRlczoAcHViOgBiaWJ0ZXg6AEJhY2htYW5uOgBEaXZpc2lvbiBvZiBMYWJvciBieSAjNUM2MUUucGRmAA4AZAAxAEQAaQB2AGkAcwBpAG8AbgAgAG8AZgAgAEwAYQBiAG8AcgAgAGIAeQAgAEQAdQBhAGwAIABGAGUAZQBkAGIAYQBjAGsAIABSAGUAZwB1AGwAYQB0AG8AcgBzAC4AcABkAGYADwAaAAwATQBhAGMAaQBuAHQAbwBzAGgAIABIAEQAEgBXVXNlcnMvYXJhdWUvU2l0ZXMvcHViL2JpYnRleC9CYWNobWFubi9EaXZpc2lvbiBvZiBMYWJvciBieSBEdWFsIEZlZWRiYWNrIFJlZ3VsYXRvcnMucGRmAAATAAEvAAAVAAIADP//AACABtIbHB0eWiRjbGFzc25hbWVYJGNsYXNzZXNdTlNNdXRhYmxlRGF0YaMdHyBWTlNEYXRhWE5TT2JqZWN00hscIiNcTlNEaWN0aW9uYXJ5oiIgXxAPTlNLZXllZEFyY2hpdmVy0SYnVHJvb3SAAQAIABEAGgAjAC0AMgA3AEAARgBNAFUAYABnAGoAbABuAHEAcwB1AHcAhACOAOUA6gDyAxoDHAMhAywDNQNDA0cDTgNXA1wDaQNsA34DgQOGAAAAAAAAAgEAAAAAAAAAKAAAAAAAAAAAAAAAAAAAA4g=},
	Bdsk-File-2 = {YnBsaXN0MDDUAQIDBAUGJCVYJHZlcnNpb25YJG9iamVjdHNZJGFyY2hpdmVyVCR0b3ASAAGGoKgHCBMUFRYaIVUkbnVsbNMJCgsMDxJXTlMua2V5c1pOUy5vYmplY3RzViRjbGFzc6INDoACgAOiEBGABIAFgAdccmVsYXRpdmVQYXRoWWFsaWFzRGF0YV8QVS4uLy4uLy4uL1NpdGVzL3B1Yi9iaWJ0ZXgvQmFjaG1hbm4vRGl2aXNpb24gb2YgTGFib3IgYnkgRHVhbCBGZWVkYmFjayBSZWd1bGF0b3JzMC5wZGbSFwsYGVdOUy5kYXRhTxECJgAAAAACJgACAAAMTWFjaW50b3NoIEhEAAAAAAAAAAAAAAAAAAAAyrj/FEgrAAAABcYdH0RpdmlzaW9uIG9mIExhYm9yIGJ5ICM1QzYxRi5wZGYAAAAAAAAAAAAAAAAAAAAAAAAAAAAAAAAAAAAAAAAAAAAFxh/KTVVQAAAAAAAAAAAAAwAFAAAJIAAAAAAAAAAAAAAAAAAAAAhCYWNobWFubgAQAAgAAMq5N1QAAAARAAgAAMpNjZAAAAABABgABcYdAAXGEAAFxg8ABcX1AAUewQAAwCMAAgBYTWFjaW50b3NoIEhEOlVzZXJzOgBhcmF1ZToAU2l0ZXM6AHB1YjoAYmlidGV4OgBCYWNobWFubjoARGl2aXNpb24gb2YgTGFib3IgYnkgIzVDNjFGLnBkZgAOAGYAMgBEAGkAdgBpAHMAaQBvAG4AIABvAGYAIABMAGEAYgBvAHIAIABiAHkAIABEAHUAYQBsACAARgBlAGUAZABiAGEAYwBrACAAUgBlAGcAdQBsAGEAdABvAHIAcwAwAC4AcABkAGYADwAaAAwATQBhAGMAaQBuAHQAbwBzAGgAIABIAEQAEgBYVXNlcnMvYXJhdWUvU2l0ZXMvcHViL2JpYnRleC9CYWNobWFubi9EaXZpc2lvbiBvZiBMYWJvciBieSBEdWFsIEZlZWRiYWNrIFJlZ3VsYXRvcnMwLnBkZgATAAEvAAAVAAIADP//AACABtIbHB0eWiRjbGFzc25hbWVYJGNsYXNzZXNdTlNNdXRhYmxlRGF0YaMdHyBWTlNEYXRhWE5TT2JqZWN00hscIiNcTlNEaWN0aW9uYXJ5oiIgXxAPTlNLZXllZEFyY2hpdmVy0SYnVHJvb3SAAQAIABEAGgAjAC0AMgA3AEAARgBNAFUAYABnAGoAbABuAHEAcwB1AHcAhACOAOYA6wDzAx0DHwMkAy8DOANGA0oDUQNaA18DbANvA4EDhAOJAAAAAAAAAgEAAAAAAAAAKAAAAAAAAAAAAAAAAAAAA4s=}}

@article{Verbruggen2014,
abstract = {DNA repair and other chromatin-associated processes are carried out by enzymatic macromolecular complexes that assemble at specific sites on the chromatin fiber. How the rate of these molecular machineries is regulated by their constituent parts is poorly understood. Here we quantify nucleotide-excision DNA repair in mammalian cells and find that, despite the pathways' molecular complexity, repair effectively obeys slow first-order kinetics. Theoretical analysis and data-based modeling indicate that these kinetics are not due to a singular rate-limiting step. Rather, first-order kinetics emerge from the interplay of rapidly and reversibly assembling repair proteins, stochastically distributing DNA lesion repair over a broad time period. Based on this mechanism, the model predicts that the repair proteins collectively control the repair rate. Exploiting natural cell-to-cell variability, we corroborate this prediction for the lesion-recognition factor XPC and the downstream factor XPA. Our findings provide a rationale for the emergence of slow time scales in chromatin-associated processes from fast molecular steps and suggest that collective rate control might be a widespread mode of robust regulation in DNA repair and transcription.},
author = {Verbruggen, Paul and Heinemann, Tim and Manders, Erik and von Bornstaedt, Gesa and van Driel, Roel and H\"{o}fer, Thomas},
doi = {10.1371/journal.pcbi.1003438},
file = {::},
issn = {1553-7358},
journal = {PLoS computational biology},
keywords = {Algorithms,Animals,Cell Cycle,Cell Line,Chromatin,Chromatin: chemistry,DNA,DNA Repair,DNA Replication,DNA-Binding Proteins,DNA-Binding Proteins: genetics,DNA: chemistry,Green Fluorescent Proteins,Green Fluorescent Proteins: chemistry,Humans,Kinetics,Models, Chemical,Time Factors,Transcription, Genetic,Urea,Urea: analogs \& derivatives,Urea: chemistry,Xeroderma Pigmentosum Group A Protein,Xeroderma Pigmentosum Group A Protein: genetics},
month = jan,
number = {1},
pages = {e1003438},
pmid = {24499930},
title = {{Robustness of DNA repair through collective rate control.}},
url = {http://www.pubmedcentral.nih.gov/articlerender.fcgi?artid=3907289\&tool=pmcentrez\&rendertype=abstract},
volume = {10},
year = {2014}
}

@article{Boehm2014b,
abstract = {STAT5A and STAT5B are important transcription factors that dimerize and transduce activation signals of cytokine receptors directly to the nucleus. A typical cytokine that mediates STAT5 activation is erythropoietin (Epo). Differential functions of STAT5A and STAT5B have been reported. However, it is not understood to which extent phosphorylated STAT5A and STAT5B (pSTAT5A, pSTAT5B) form homo- or heterodimers and how this might influence the signal transmission to the nucleus. To study this, we designed a concept to investigate the isoform-specific dimerization behaviour of pSTAT5A and pSTAT5B that comprises isoform-specific immunoprecipitation (IP), measurement of the degree of phosphorylation and isoform ratio determination between STAT5A and STAT5B. As main analytical method we employed quantitative label-free and label-based mass spectrometry. As cellular model system we used Epo receptor (EpoR)-expressing BaF3 cells (BaF3-EpoR) that were stimulated with Epo. Three hypotheses of dimer formation between pSTAT5A and pSTAT5B were used to explain the analytical results by a static mathematical model - formation of (i) homodimers only, (ii) heterodimers only, and (iii) random formation of homo- and heterodimers. The best agreement between experimental data and model simulations was found for the last case. Dynamics of cytoplasmic STAT5 dimerization could be explained by distinct nuclear import rates and individual nuclear retention for homo- and heterodimers of phosphorylated STAT5.},
author = {Boehm, Martin Erich and Adlung, Lorenz and Schilling, Marcel and Roth, Susanne and Klingm\"{u}ller, Ursula and Lehmann, Wolf Dieter},
doi = {10.1021/pr5006923},
issn = {1535-3907},
journal = {Journal of proteome research},
month = oct,
number = {12},
pages = {5685--94},
pmid = {25333863},
title = {{Identification of Isoform-Specific Dynamics in Phosphorylation-Dependent STAT5 Dimerization by Quantitative Mass Spectrometry and Mathematical Modeling.}},
url = {http://www.ncbi.nlm.nih.gov/pubmed/25333863},
volume = {13},
year = {2014}
}

@article{Beer2014,
abstract = {Non-ribosomal peptide synthetases (NRPSs) are enzymes that catalyze ribosome-independent production of small peptides, most of which are bioactive. NRPSs act as peptide assembly lines where individual, often interconnected modules each incorporate a specific amino acid into the nascent chain. The modules themselves consist of several domains that function in the activation, modification and condensation of the substrate. NRPSs are evidently modular, yet experimental proof of the ability to engineer desired permutations of domains and modules is still sought. Here, we use a synthetic-biology approach to create a small library of engineered NRPSs, in which the domain responsible for carrying the activated amino acid (T domain) is exchanged with natural or synthetic T domains. As a model system, we employ the single-module NRPS IndC from Photorhabdus luminescens that produces the blue pigment indigoidine. As chassis we use Escherichia coli. We demonstrate that heterologous T domain exchange is possible, even for T domains derived from different organisms. Interestingly, substitution of the native T domain with a synthetic one enhanced indigoidine production. Moreover, we show that selection of appropriate inter-domain linker regions is critical for functionality. Taken together, our results extend the engineering avenues for NRPSs, as they point out the possibility of combining domain sequences coming from different pathways, organisms or from conservation criteria. Moreover, our data suggest that NRPSs can be rationally engineered to control the level of production of the corresponding peptides. This could have important implications for industrial and medical applications.},
author = {Beer, Ralf and Herbst, Konrad and Ignatiadis, Nikolaos and Kats, Ilia and Adlung, Lorenz and Meyer, Hannah and Niopek, Dominik and Christiansen, Tania and Georgi, Fanny and Kurzawa, Nils and Meichsner, Johanna and Rabe, Sophie and Riedel, Anja and Sachs, Joshua and Schessner, Julia and Schmidt, Florian and Walch, Philipp and Niopek, Katharina and Heinemann, Tim and Eils, Roland and {Di Ventura}, Barbara},
doi = {10.1039/c3mb70594c},
issn = {1742-2051},
journal = {Molecular bioSystems},
month = jul,
number = {7},
pages = {1709--18},
pmid = {24457530},
title = {{Creating functional engineered variants of the single-module non-ribosomal peptide synthetase IndC by T domain exchange.}},
url = {http://www.ncbi.nlm.nih.gov/pubmed/24457530},
volume = {10},
year = {2014}
}
